3085 3679
1486 248 1537 287 14

303 381 515 438 porrigat,
548 378 707 434 aliquis
729 377 898 421 educat.
920 400 978 408 —
1001 378 1153 433 Itaque
1177 377 1287 422 deus
1305 377 1414 434 ²⁰⁰),
1443 379 1517 434 qui
1541 392 1627 423 non
1649 378 1788 422 solum
1812 377 1980 422 semina
2002 376 2150 421 divina
2173 376 2219 420 in
2243 376 2491 433 corporibus
2519 377 2721 421 humanis

303 448 630 510 dispersit1⁰⁷)‚
653 450 732 495 sed
756 450 887 495 etiam
911 450 1137 495 honestam
1160 450 1405 496 homiuibus
1427 455 1615 496 mentem
1638 450 1760 495 inicit
1773 448 1883 506 ²⁰⁸),
1908 450 2025 495 idem
2047 449 2408 495 adscendentibus
2429 464 2603 495 manum
2624 464 2719 507 por-

303 527 404 582 rigit
422 523 554 579 ¹⁰⁹).“
616 526 685 568 Ita
719 524 782 580 fit,
817 529 864 568 ut
900 525 1076 580 sapiens
1097 538 1125 567 a
1148 523 1230 568 deo
1253 524 1447 581 adiutus,
1483 525 1521 568 si
1556 538 1643 569 non
1677 523 1841 579 omnia,
1876 528 1923 567 at
1953 529 2068 568 certe
2104 523 2240 567 multa
2275 535 2442 580 eorum,
2477 537 2587 579 quae
2621 523 2721 568 huic

303 603 527 654 praestare
551 596 726 651 debeat,
750 601 973 652 praestare
996 597 1162 651 possit
1186 596 1386 651 idemque
1409 598 1544 640 vitam
1567 597 1740 641 beatam
1763 596 1906 650 degat.
1925 599 1941 623 ¹
1955 595 2022 650 ¹⁰)

526 669 738 725 Egregiae
760 669 951 724 profecto
968 667 1097 723 iniis,
1115 681 1227 723 quae
1242 667 1409 712 Seneca
1426 668 1482 712 de
1498 668 1581 714 deo
1598 669 1752 725 deique
1771 669 1888 712 cultu
1905 668 2043 723 docet,
2066 682 2163 713 esse
2181 669 2431 724 sententias,
2448 669 2544 724 quis
2561 674 2628 713 est
2645 670 2720 725 qui

302 743 467 797 neget?
514 743 613 786 Non
637 742 771 796 igitur
793 741 1052 795 mirandum,
1084 740 1198 796 quod
1220 741 1307 783 iam
1328 742 1611 785 ecclesiastici
1635 756 1673 796 q.
1690 742 1732 785 d.
1755 746 1900 797 patres
1922 744 1937 767 ¹
1950 740 2018 793 ιι)
2043 754 2142 783 eum
2159 741 2392 795 diligenter
2420 741 2722 784 lectitaverunt

304 820 348 858 et
370 829 458 858 non
482 815 576 858 sine
599 814 732 858 laude
755 816 1213 866 commemoraverunt,
1241 812 1353 854 inter
1377 814 1585 856 nonnulla
1609 814 1704 857 eius
1726 814 1888 868 placita
1919 817 1961 855 et
1991 812 2231 855 doctrinam
2256 811 2544 856 Christianam
2566 814 2720 856 miram

303 886 522 942 quandam
546 884 876 930 similitudinem
900 883 1165 928 intercedere
1190 884 1286 927 rati.
1302 886 1317 910 ¹
1331 886 1345 910 ¹
1358 882 1398 938 ²)
1457 883 1580 937 Quae
1605 884 1841 929 similitudo
1865 898 1960 928 eum
1998 884 2043 928 in
2079 883 2179 928 aliis
2216 897 2400 939 quoque,
2435 898 2547 939 quae
2581 885 2722 929 adhuc

304 959 475 1013 reliqui,
498 958 671 1014 placitis
695 960 922 1013 appareat,
946 956 1154 1000 nonnulla
1177 969 1324 999 eorum
1349 955 1453 1000 libet
1478 957 1522 1000 in
1546 957 1736 1001 medium
1760 958 1961 1012 proferre.
2012 957 2173 1000 Malum
2197 956 2311 999 intra
2332 970 2413 1000 nos
2436 971 2532 1001 esse
2556 957 2722 1002 Seneca

303 1031 427 1086 dicit,
460 1031 507 1074 in
542 1028 840 1074 visceribus
874 1028 1012 1084 ipsis
1046 1026 1320 1083 sedere¹¹⁸),
1358 1042 1535 1084 prorsus
1561 1029 1777 1073 neminem
1805 1031 1932 1085 culpa
1959 1028 2231 1083 vacare114),
2266 1029 2457 1072 animum
2487 1029 2721 1072 humanum

302 1103 432 1148 valde
467 1116 612 1147 secum
641 1099 979 1156 dissidere²¹⁵)‚
1014 1105 1193 1157 peccata
1217 1114 1245 1145 a
1268 1099 1459 1154 libera,
1495 1100 1571 1146 sed
1605 1100 1898 1156 depravata
1928 1101 2145 1146 hominum
2182 1102 2451 1145 voluntate
2488 1102 2722 1157 repetenda

535 1294 617 1335 106)
641 1291 691 1327 Cf.
715 1291 781 1334 Ep.
808 1298 866 1331 41,
891 1297 929 1325 2:
966 1290 1139 1331 „Bonus
1175 1291 1228 1324 vir
1264 1291 1359 1324 sine
1395 1290 1473 1324 deo
1509 1298 1612 1323 nemo
1649 1294 1720 1323 est:
1758 1300 1803 1323 011
1838 1294 1955 1332 potest
1985 1290 2112 1333 aliquis
2143 1301 2250 1334 supra
2279 1290 2455 1325 fortunam
2486 1290 2554 1324 nisi
2583 1291 2627 1324 ab
2659 1291 2721 1325 illo

304 1347 446 1384 adiutus
471 1356 662 1393 exsurgere
670 1346 708 1382 ?“
745 1346 966 1382 contrariam
990 1345 1202 1382 sententiam
1228 1346 1365 1382 Cottam
1389 1344 1638 1382 Academicum
1663 1344 1786 1381 Cicero
1816 1345 1875 1387 (de
1898 1351 1969 1381 nat.
1995 1345 2090 1381 deor.
2115 1345 2188 1387 111,
2213 1352 2271 1388 36,
2296 1349 2357 1390 80)
2385 1347 2442 1382 his
2465 1347 2584 1382 verbis
2614 1348 2722 1390 profl-

303 1409 436 1438 tentem
460 1404 562 1438 facit:
599 1402 841 1444 „Virtutem
863 1406 1007 1436 autem
1030 1411 1151 1436 nemo
1177 1412 1362 1446 unquam
1387 1406 1608 1446 acceptam
1632 1401 1712 1435 deo
1737 1401 1942 1443 retulit⁶⁴‚
1966 1400 2011 1436 ad
2034 1410 2139 1446 quem
2163 1400 2342 1437 Ciceronis
2363 1401 2479 1438 locum
2502 1400 2721 1438 Schoemann

304 1464 400 1494 recte
424 1459 573 1494 adnotat
597 1469 638 1493 ac
661 1459 822 1502 pluribus
847 1457 962 1492 allatis
985 1458 1072 1492 locis
1096 1458 1329 1499 demonstrat,
1354 1458 1571 1492 Graecorum
1596 1457 1765 1500 optimum
1790 1466 1964 1500 quemque
1988 1456 2120 1491 dixisse
2143 1458 2283 1492 omnis
2307 1458 2489 1492 virtutis
2513 1457 2721 1493 humanae

303 1514 508 1550 facultatem
543 1524 587 1549 ne
621 1518 765 1549 mente
802 1513 912 1548 bona
946 1512 1117 1558 quidem
1153 1518 1337 1557 excepta
1372 1513 1480 1548 oriri
1511 1523 1534 1547 a
1556 1511 1656 1553 Iove,
1686 1522 1750 1555 per
1773 1522 1810 1547 se
1836 1517 1953 1547 autem
1978 1522 2165 1556 apparere,
2198 1522 2259 1548 eos
2284 1513 2378 1547 solos
2402 1513 2604 1548 facultatem
2629 1514 2719 1548 bene

303 1570 455 1606 faciendi
478 1570 523 1605 ab
548 1570 631 1605 Iove
655 1569 830 1615 accipere,
855 1568 915 1612 qui
940 1568 1048 1610 vires,
1073 1573 1242 1613 quantum
1266 1569 1419 1614 possint,
1445 1567 1636 1603 intendant.

532 1628 614 1669 107)
638 1625 706 1670 Ep.
731 1631 782 1667 73,
810 1631 861 1659 16.

531 1683 613 1723 108)
637 1680 702 1725 Ep.
728 1686 787 1722 41,
813 1686 851 1714 2;
875 1680 962 1723 „Ille
981 1680 1104 1724 (deus)
1123 1680 1184 1714 dat
1207 1680 1354 1715 consilia
1379 1680 1565 1724 magnifica
1588 1683 1625 1713 et
1647 1684 1800 1714 erecta“.
1836 1680 2053 1715 ln‘mentem
2077 1681 2114 1715 id
2137 1681 2249 1723 venit,
2273 1680 2368 1724 quod
2384 1681 2516 1716 Paulus
2540 1681 2720 1725 apostolus

305 1738 340 1772 in
366 1737 515 1781 epistola
539 1735 584 1771 ad
608 1734 854 1780 Philippenses
878 1736 987 1771 missa
1017 1739 1072 1780 (2,
1100 1738 1159 1778 13)
1187 1736 1345 1780 scripsit}
1380 1734 1436 1778 „²0
1457 1735 1543 1775 θεὸς
1573 1735 1644 1780 γάρ
1673 1736 1772 1770 ἔστιν
1803 1733 1822 1770 ὁ
1854 1736 2018 1781 ἐνεργῶν
2040 1737 2082 1771 ἐν
2108 1734 2196 1782 ὑμῖν
2226 1739 2298 1770 καὶ
2330 1736 2375 1770 ῐό
2410 1739 2561 1771 θέλειν
2590 1740 2650 1770 καὶ
2682 1738 2723 1772 τὸ

303 1793 502 1840 ἔνεργεῖνε·

535 1852 617 1892 109)
642 1849 709 1895 Ep.
735 1854 792 1890 73,
820 1854 871 1883 15.

532 1907 614 1948 110)
637 1904 695 1940 De
718 1905 773 1940 ira
795 1904 987 1947 11‚13,2.

536 1963 618 2006 111)
642 1961 687 1997 V.
712 1961 889 1997 Holzherr
911 1961 992 1996 diss.
1017 1961 1043 1996 1.
1068 1972 1101 2005 p.
1119 1968 1149 1996 8.

535 2018 615 2060 112)
639 2015 779 2051 Schoell
802 2015 884 2052 hist.
909 2015 955 2051 de
976 2016 1013 2052 la
1037 2015 1248 2051 litterature
1272 2027 1361 2052 rom.
1387 2016 1428 2051 T.
1445 2016 1491 2050 11.
1515 2026 1548 2061 p.
1567 2020 1651 2050 448:
1691 2013 1747 2057 „Il
1769 2016 1830 2061 n'y
1853 2026 1877 2051 a
1896 2025 1970 2061 pas
1993 2014 2037 2051 de
2059 2014 2195 2051 lecteur
2217 2015 2262 2051 de
2281 2014 2445 2061 seneque
2467 2017 2531 2062 qui
2553 2018 2643 2053 n'ait
2667 2020 2723 2054 e'te:

300 2072 445 2118 frappc'
469 2071 532 2106 cles
560 2072 772 2106 sentiments
804 2072 987 2107 chr-etiem·
1017 2074 1126 2119 qu'on
1157 2076 1284 2108 trouve
1313 2071 1502 2119 repandus
1532 2070 1626 2108 dans
1654 2082 1712 2106 ses
1743 2071 1869 2112 eor-its,
1894 2074 1929 2105 et
1952 2071 2016 2117 qni
2038 2075 2123 2107 sont
2152 2075 2304 2107 sonvent
2334 2074 2532 2119 rapporte's
2554 2072 2648 2109 dans
2670 2073 2723 2110 les

303 2128 540 2174 expressions
561 2127 692 2163 memes
715 2127 765 2164 du
788 2139 953 2164 nouveau
975 2128 1213 2165 Testament“.
1237 2128 1439 2174 (Eiusmodi
1455 2127 1648 2163 sententias
1663 2128 1866 2171 nonnullas,
1891 2127 2032 2162 minime
2049 2137 2170 2163 0111000
2193 2128 2230 2163 10
2253 2127 2407 2164 medium
2422 2129 2569 2173 protulit
2584 2129 2722 2166 Siedler

304 2184 324 2219 l.
341 2184 362 2219 l.
386 2195 420 2229 p.
438 2185 614 2228 26-28.)
636 2184 814 2219 Holzherr
836 2185 920 2220 diss.
945 2186 972 2220 Ι.
995 2196 1028 2230 p.
1046 2191 1100 2221 23.
1124 2204 1169 2211 -
1195 2185 1346 2220 Diderot
1374 2194 1474 2223 vero,
1511 2184 1571 2228 qui
1606 2184 1765 2228 proximo
1795 2184 1883 2218 vixit
1918 2183 2075 2225 saeculo,
2111 2183 2205 2226 quod
2241 2193 2319 2218 sero
2356 2184 2496 2219 demum
2532 2185 2720 2221 admodum

306 2249 415 2275 senex
441 2239 487 2275 ad
511 2239 699 2284 legendum
723 2239 893 2276 Senecam
918 2252 1108 2285 aggressus
1133 2247 1240 2282 esset,
1266 2241 1367 2276 valde
1392 2241 1513 2276 doluit.

533 2296 615 2340 113)
637 2294 704 2340 Ep.
729 2301 783 2339 50,
808 2303 838 2332 4.

531 2354 613 2395 114)
638 2353 695 2387 De
720 2353 836 2388 benef.
853 2354 879 2395 Ι,
899 2361 950 2396 10,
970 2360 1068 2388 1-4,
1094 2374 1137 2380 -
1162 2353 1219 2388 De
1242 2353 1357 2396 11011,
1376 2359 1428 2396 28,
1449 2361 1485 2389 1:
1510 2353 1569 2396 „Si
1587 2352 1747 2388 volumus
1768 2352 1871 2396 aequi
1895 2362 2013 2387 rerum
2037 2351 2192 2386 omnium
2216 2352 2350 2387 iudices
2368 2362 2457 2395 esse,
2481 2353 2548 2388 1100
2570 2353 2721 2398 primum

304 2408 405 2442 nobis
434 2408 727 2451 persuadeamus,
758 2409 933 2444 neminem
962 2414 1120 2444 nostrum
1151 2420 1230 2444 esse
1260 2410 1337 2444 sine
1374 2411 1517 2454 culpa“;
1551 2410 1595 2443 de
1618 2409 1717 2443 01010.
1743 2408 1777 2449 1,
1803 2413 1833 2449 6,
1859 2414 1878 2441 3
1893 2418 1943 2452 sq.
1975 2407 2222 2449 „Peccavimus
2245 2417 2384 2443 omnes:
2416 2407 2477 2443 alii
2499 2409 2637 2453 gravia,
2661 2409 2720 2445 alii

304 2462 452 2505 leviora,
477 2462 538 2498 alii
562 2473 607 2498 ex
631 2463 824 2503 destinato,
856 2465 917 2499 alii
940 2465 1031 2499 forte
1054 2465 1197 2510 impulsi
1221 2471 1283 2500 aut
1307 2466 1424 2500 aliena
1447 2466 1603 2509 nequitia
1626 2464 1750 2506 ablati,
1783 2464 1842 2498 alii
1873 2464 1910 2498 in
1940 2464 2041 2498 bonis
2072 2463 2227 2498 consiliis
2249 2474 2373 2507 pamm
2397 2465 2538 2498 fortiter
2560 2465 2720 2498 stetimus

304 2523 340 2552 et
368 2518 605 2553 innocentiam
636 2519 734 2553 iuviti
764 2529 805 2554 ac
835 2519 1028 2555 renitentes
1058 2519 1284 2566 perdidimus.
1332 2519 1421 2556 Nec
1453 2519 1721 2566 deliquimus
1752 2524 1938 2561 tantum,
1975 2519 2053 2556 sed
2088 2529 2225 2564 usque
2262 2518 2314 2555 ad
2349 2522 2591 2555 extremum
2627 2520 2721 2556 aevi

304 2575 633 2617 delinquemus.
681 2576 830 2610 Etiamsi
855 2577 935 2619 quis
958 2581 1030 2611 tam
1055 2577 1147 2611 bene
1172 2577 1241 2611 iam
1267 2578 1431 2623 purgavit
1454 2577 1623 2619 animum,
1647 2580 1688 2612 ut
1711 2575 1798 2611 nihil
1822 2575 2012 2611 obturbare
2036 2585 2116 2611 eum
2140 2574 2290 2620 amplius
2313 2574 2425 2620 possit
2447 2584 2489 2611 00
2510 2574 2645 2619 fallere,
2668 2577 2721 2613 ad

303 2631 600 2667 innocentiam
636 2636 755 2665 tamen
790 2633 1016 2675 peccando
1052 2634 1299 2676 pervenit.“
1359 2633 1483 2675 Itaque
1527 2633 1721 2673 „iustitiam
1757 2633 1921 2667 civilem⁴⁴
1963 2641 2054 2675 quae
2089 2632 2218 2666 dicitur
2252 2640 2275 2664 a
2307 2629 2483 2675 theologis
2513 2631 2721 2668 Christianis

304 2686 438 2721 homini
462 2695 532 2720 non
559 2686 795 2728 sufficere,
819 2697 864 2722 ex
888 2697 930 2721 eo
955 2687 1048 2728 loco,
1079 2698 1184 2730 quem
1208 2688 1314 2731 paulo
1339 2693 1422 2722 ante
1451 2688 1569 2729 attuli,
1599 2689 1660 2732 (110
1684 2689 1738 2722 ira
1761 2688 1814 2730 11,
1840 2693 1894 2729 28,
1919 2689 2019 2730 2011.)
2043 2687 2211 2721 videmus.
2257 2685 2374 2729 „Quis
2402 2690 2457 2721 est
2485 2686 2567 2728 iste,
2598 2687 2659 2730 qui
2682 2697 2721 2723 se

303 2742 490 2787 profitetur
512 2743 708 2778 omnibus
732 2742 910 2786 legibus
934 2744 1245 2778 inmocentem?
1283 2743 1330 2778 Ut
1354 2743 1420 2778 hoc
1445 2745 1494 2779 ita
1517 2744 1579 2786 sit,
1603 2754 1727 2788 quam
1751 2747 1940 2788 angusta
1963 2741 2220 2777 innocentia
2241 2746 2307 2777 est
2329 2741 2380 2776 ad
2403 2741 2542 2787 legem
2565 2743 2719 2778 bonum

303 2799 428 2833 esse?
461 2798 602 2842 Quanto
626 2798 733 2833 latius
757 2798 1009 2834 officiorum
1032 2804 1131 2844 patet
1153 2810 1257 2844 quam
1283 2799 1394 2835 iuris
1417 2800 1567 2844 regula?
1591 2810 1695 2844 quam
1720 2800 1831 2836 multa
1854 2800 1977 2845 pietas,
2000 2798 2211 2840 humanitas,
2234 2797 2441 2841 liberalitas,
2464 2796 2608 2840 iu'stitia,
2632 2799 2721 2835 fides

303 2855 465 2898 exigunt,
497 2864 588 2898 quae
611 2854 730 2888 omnia
753 2859 856 2890 extra
878 2855 1038 2899 publicas
1060 2855 1201 2890 tabulas
1225 2856 1331 2891 sunt?
1367 2855 1437 2890 Sed
1461 2865 1506 2891 ne
1531 2855 1575 2890 ad
1606 2856 1701 2891 illam
1732 2855 1873 2901 quidem
1904 2854 2114 2891 artissimam
2147 2853 2369 2890 innocentiae
2399 2853 2586 2891 formulam
2616 2865 2717 2901 prae·

305 2915 399 2947 stare
422 2920 487 2946 nos
511 2920 718 2955 possumus:
755 2911 828 2946 alia
850 2911 1014 2953 fecimus,
1046 2911 1116 2946 alia
1145 2913 1392 2956 cogitavimus,
1425 2912 1497 2947 alia
1519 2912 1733 2956 optavimus,
1765 2912 1844 2947 aliis
1866 2911 2032 2951 favimus,
2061 2910 2097 2944 in
2127 2910 2336 2954 quibusdam
2359 2911 2565 2945 innocentes
2589 2921 2719 2955 sumus,

304 2967 386 3011 quia
409 2976 479 3001 non
504 2967 683 3002 successit.
730 2966 807 3002 Hoc
831 2967 1027 3012 cogitantes
1052 2967 1237 3012 aequiores
1261 2968 1370 3004 simus
1393 2967 1680 3012 delinquentibus
1704 2995 1712 3002 .
1731 2995 1739 3002 .
1760 2972 1794 3002 .“

532 3025 614 3066 115)
638 3023 694 3058 Ad
719 3023 826 3059 Marc.
851 3030 904 3065 24,
930 3029 971 3059 5:
1007 3025 1139 3067 „Omne
1170 3025 1221 3060 illi
1256 3026 1337 3070 (int.
1361 3025 1496 3069 animo)
1527 3034 1607 3060 cum
1643 3024 1721 3060 hac
1756 3034 1885 3060 carne
1922 3033 2028 3068 grave
2051 3027 2229 3062 certamen
2261 3027 2331 3064 est,
2368 3033 2412 3059 ne
2436 3023 2662 3060 abstrahatur
2685 3030 2722 3061 et

304 3079 430 3114 sidat“.
455 3100 498 3106 —
526 3079 594 3123 Ep.
618 3085 671 3121 20,
697 3085 716 3114 6
739 3080 800 3123 (cf.
823 3082 854 3124 §-
876 3083 932 3125 4):
969 3081 1162 3123 „Nesciunt
1184 3082 1359 3122 homines,
1389 3081 1474 3125 quid
1498 3081 1623 3123 velint,
1652 3081 1720 3116 11101
1742 3081 1803 3115 1110
1827 3085 2019 3119 momento,
2043 3089 2113 3124 quo
2137 3081 2268 3114 volunt.
2315 3079 2356 3113 In
2380 3083 2491 3114 totum
2518 3080 2605 3116 nulli
2628 3081 2718 3117 velle

305 3140 368 3171 aut
390 3135 483 3171 nolle
508 3134 688 3172 decretum
720 3139 782 3172 est.
830 3136 999 3174 Variatur
1032 3137 1162 3174 cotidie
1194 3138 1361 3174 iudicium
1399 3143 1436 3174 et
1470 3138 1507 3173 in
1541 3138 1755 3174 contrarium
1790 3137 1940 3172 vertitur
1970 3147 2011 3172 00
2042 3136 2220 3181 plerisque
2244 3136 2362 3180 agitur
2392 3137 2464 3172 vita
2487 3146 2552 3180 per
2575 3137 2720 3172 lusum.“

305 3192 369 3236 Ep.
396 3198 455 3233 52,
484 3200 521 3226 1:
557 3191 671 3235 „Quid
694 3198 749 3227 est
773 3193 858 3235 hoc,
881 3194 1015 3235 Lucili,
1041 3195 1135 3238 quod
1160 3204 1225 3229 nos
1249 3195 1318 3229 alio
1341 3195 1527 3229 tendentes
1552 3194 1621 3229 0110
1644 3193 1755 3229 1101111
1777 3198 1814 3229 01
1836 3202 1893 3234 00,
1917 3192 2011 3228 unde
2035 3191 2202 3227 recedere
2224 3191 2395 3237 cupimus,
2418 3191 2590 3237 impellit?
2614 3194 2719 3238 quid

303 3248 573 3283 colluctatur
596 3258 689 3283 cum
714 3249 857 3284 animo
882 3254 1033 3285 nostro
1057 3260 1133 3285 nec
1157 3251 1381 3294 permittit
1404 3251 1532 3285 nobis
1555 3250 1792 3293 quidquam
1816 3250 1947 3283 semel
1971 3250 2116 3288 velle?
2148 3248 2437 3283 Fluctuamus
2460 3248 2577 3284 inter
2600 3250 2721 3285 varia

303 3304 510 3341 consilia:
547 3302 659 3340 nihil
689 3304 834 3341 libere
864 3305 1079 3347 volumus,
1110 3307 1225 3341 nihil
1255 3306 1470 3349 absolute,
1502 3305 1617 3341 nihil
1642 3312 1854 3351 semper.“
1903 3305 2026 3349 Itaque
2057 3305 2192 3340 Seneca
2214 3304 2284 3348 (ib.
2307 3306 2402 3348 §.8)
2439 3305 2720 3349 „malignitatem
