3085 3679
1341 215 1404 274 ,3¹
1447 270 1491 273 --

177 357 346 401 alienus
369 349 571 407 splendor
594 348 901 394 absconderit.“
920 348 988 405 ⁷⁶)
1046 349 1216 394 Deinde
1239 349 1347 394 deus
1377 349 1458 392 etsi
1481 348 1708 404 placabilis
1731 353 1775 391 et
1797 361 1962 403 aequus
1983 348 2145 392 delicta
2167 362 2254 391 non
2278 348 2423 391 statim
2446 346 2588 389 fulmi-

179 428 306 473 nibus
330 422 598 481 persequitur
615 421 695 478 ⁷⁷),
718 427 863 466 tamen
886 423 1120 478 aliquando
1142 423 1280 466 malos
1303 422 1486 477 castigat
1510 427 1554 466 et
1577 426 1743 465 coercet
1765 426 1809 464 et
1832 433 1996 477 poenas
2019 421 2182 475 irrogat
2200 417 2280 474 ⁷⁸).

396 495 518 547 Quae
540 508 707 550 poenae
730 500 960 550 antequam
984 495 1178 550 veniant,
1215 496 1280 538 illi
1303 496 1484 538 multum
1521 507 1574 537 ac
1611 507 1742 549 saepe
1777 494 2064 537 conscientiae
2092 493 2276 536 stimulis
2298 495 2586 547 exagitantur,

175 583 324 626 quam
348 574 450 611 nonv
473 573 690 623 possunt
713 569 967 622 effugere.
1006 567 1146 620 „Quid
1161 567 1269 622 agis,
1292 567 1430 622 inquit
1443 566 1608 610 Seneca
1625 567 1670 610 in
1688 565 2055 610 exhortationibus
2069 564 2150 621 ⁷⁹),
2167 566 2271 620 quid
2290 564 2586 608 machinaris?

176 642 277 698 quid
296 639 562 684 abscondis?
609 640 763 684 Custos
787 644 829 684 te
853 645 951 684 tuus
983 640 1185 695 sequitur.
1243 640 1388 683 Alium
1423 639 1501 683 tibi
1535 638 1825 694 peregrinatio
1861 636 2084 692 subduxit,
2119 638 2253 680 alium
2287 651 2419 692 mors,
2453 637 2586 680 alium

176 712 399 758 valetudo:
423 711 573 757 haeret
595 712 682 768 hic,
705 725 795 774 quo·
813 725 960 757 carere
984 725 1201 767 nunquam
1227 716 1360 767 potes.
1417 711 1532 763 Quid
1555 711 1694 754 locum
1714 710 1911 754 ‘abditum
1942 711 2052 765 legis
2077 715 2120 754 et
2144 710 2328 754 arbitros
2359 708 2586 754 removes?

176 788 286 830 Puta
323 785 401 829 tibi
442 785 691 840 contigisse,
727 790 774 828 ut
808 785 954 828 oculos
988 785 1176 828 omnium
1217 785 1421 840 effugias,
1461 784 1661 827 demens:
1696 784 1818 839 quid
1859 783 1959 827 tibi
2001 783 2213 839 prodest
2254 798 2355 827 non
2396 781 2588 826 habere

177 858 435 903 conscium
468 858 680 902 habenti
711 857 1145 902 conscientiam?“
1167 856 1238 911 ⁸⁰)

273 929 277 932 ’
405 930 544 974 Haec
579 931 784 987 quidem
820 930 956 974 talia
992 935 1131 987 sunt,
1165 935 1219 973 ut
1255 931 1380 974 mihi
1417 929 1623 986 quidem
1660 929 1742 973 dei
1777 929 1946 985 illius,
1982 942 2125 985 quem
2164 930 2363 973 Seneca
2399 927 2590 981 credit,

177 1004 438 1046 iustitiam
487 1003 833 1058 improborum
880 1004 1268 1059 prosperitates
1316 1003 1688 1057 secundaeque
1741 1016 1822 1045 res
1869 1004 2015 1046 nullo
2069 1002 2216 1044 modo
2265 1003 2587 1055 redarguere

176 1076 477 1119 videantur.

399 1148 554 1191 Omnia
593 1153 755 1202 autem,
791 1161 901 1202 quae
936 1149 1078 1190 adhuc
1113 1149 1309 1203 exposui,
1345 1149 1382 1190 si
1417 1147 1638 1190 nobiscum
1675 1149 2013 1202 consideramus»,
2046 1161 2130 1190 non
2161 1161 2387 1203 possumus
2429 1148 2585 1200 facere,

176 1221 279 1276 quin
314 1220 462 1264 deum
498 1219 736 1263 omnibus
772 1221 824 1263 in
861 1221 1014 1265 rebus
1051 1221 1244 1276 optimo
1280 1221 1515 1276 exemplo
1547 1220 1842 1263 hominibus
1878 1233 1994 1264 esse
2025 1226 2167 1263 recte
2197 1234 2224 1263 a
2249 1221 2445 1264 Seneca
2479 1219 2584 1261 dici

177 1292 522 1336 concedamus
539 1290 620 1346 ⁸¹).

400 1366 523 1408 Talis
551 1366 683 1419 igitur
713 1365 783 1408 dei
818 1370 974 1407 natura
1010 1370 1074 1407 est
1110 1369 1153 1407 et
1190 1365 1291 1407 talis
1316 1366 1410 1408 eiu's
1434 1366 1478 1408 in
1504 1365 1698 1408 homines
1735 1377 1866 1408 amor.
1925 1364 2125 1419 Sequitur
2149 1370 2207 1419 ut,
2230 1378 2314 1418 quo
2337 1365 2463 1407 modo
2488 1376 2584 1406 eum

177 1437 370 1480 homines
394 1438 534 1481 colere
558 1437 760 1490 debeant,
783 1437 1019 1480 ostendam.

401 1510 463 1551 Ac
486 1510 674 1552 falsum
703 1510 875 1563 quidem
900 1509 971 1551 dei
996 1510 1155 1551 cultum
1170 1508 1238 1562 ³²)
1262 1514 1523 1564 quantopere
1540 1510 1706 1553 Seneca
1730 1508 2052 1564 improbaverit,
2077 1523 2129 1552 ex
2154 1523 2205 1552 eo
2230 1509 2437 1561 videmus,
2462 1507 2587 1561 quod,

178 1585 224 1623 ut
260 1582 321 1623 ait
357 1582 625 1634 Augustinus
643 1581 724 1636 ⁸⁸),
759 1581 1019 1635 peculiarem
1055 1581 1110 1623 de
1146 1582 1525 1636 superstitione
1567 1581 1721 1624 librum
1759 1582 1946 1636 scripsit,
1982 1596 2064 1636 quo
2107 1615 2123 1632 „
2141 1583 2273 1624 multo
2298 1581 2512 1635 copiosius
2535 1593 2587 1621 ac

178 1653 475 1697 vehementius
500 1655 593 1709 ipse
617 1654 787 1696 civilem
812 1658 854 1696 et
878 1652 1087 1696 urbanam
1110 1653 1369 1707 theologiam
1396 1653 1681 1708 reprehendit,
1709 1668 1838 1708 quam
1864 1654 2000 1697 Varro
2030 1655 2282 1697 theatricam
2315 1658 2443 1707 atque
2467 1651 2586 1694 fabu-

177 1727 348 1768 losam.“
412 1726 476 1768 Ibi
501 1731 726 1779 postquam
752 1740 805 1768 ea
831 1739 974 1779 sacra,
998 1740 1108 1779 quae
1132 1727 1268 1780 ipsius
1293 1730 1437 1768 aetate
1459 1727 1504 1769 in
1528 1726 1741 1781 Capitolio
1765 1726 1855 1769 fieri
1885 1726 2091 1781 solebant,
2116 1727 2306 1780 graviter
2328 1724 2586 1779 perstrinxit,

175 1796 288 1839 hunc
312 1797 356 1839 in
380 1797 552 1839 modum
589 1797 750 1851 pergit:
790 1796 993 1848 „Omnem
1024 1797 1152 1840 istam
1181 1796 1413 1851 ignobilem
1436 1797 1613 1840 deorum
1638 1797 1825 1852 turbam,
1856 1811 1984 1852 quam
2006 1799 2133 1852 longo
2157 1811 2265 1840 aevo
2291 1798 2418 1850 longa
2443 1808 2585 1849 super-

177 1868 293 1911 stitio
319 1869 544 1924 congessit,
581 1870 641 1912 sic
666 1868 960 1923 adorabimus,
1000 1873 1047 1911 ut
1081 1869 1410 1923 meminerimus,
1446 1869 1605 1911 cultum
1639 1869 1734 1912 eius
1769 1869 1909 1923 magis
1945 1870 2003 1913 ad
2037 1884 2198 1913 morem
2235 1883 2364 1923 quam
2402 1867 2459 1910 ad
2495 1880 2583 1909 rem

177 1941 427 1995 pertinere.“
449 1939 518 1995 ⁸⁴)

402 2014 553 2069 Itaque
578 2014 742 2058 Seneca
767 2014 827 2056 sic
852 2013 1025 2056 statuit:
1072 2013 1202 2057 Recte
1231 2013 1357 2056 deum
1382 2014 1500 2070 colit,
1536 2028 1620 2058 non
1651 2015 1738 2070 qui
1776 2028 1929 2058 sacra
1964 2015 2107 2070 facit,
2145 2015 2220 2058 sed
2252 2015 2335 2068 qui
2372 2013 2489 2068 piae
2527 2024 2585 2053 ac

403 2270 460 2312 76)
484 2267 570 2303 111111.
593 2272 622 2309 6,
648 2274 678 2302 4.
726 2267 860 2302 Eodem
884 2266 988 2302 modo
1012 2266 1290 2310 praeclarissime
1316 2266 1448 2302 Seneca
1471 2267 1515 2302 de
1539 2268 1712 2303 interna
1737 2268 1907 2303 bonorum
1934 2267 2113 2308 felicitate,
2139 2276 2228 2310 quae
2253 2270 2372 2301 certa
2395 2275 2441 2301 ac
2467 2274 2581 2300 man-

177 2331 277 2356 sura
300 2327 408 2365 esset,
433 2324 582 2368 scripsit.

403 2380 462 2420 77)
485 2378 542 2412 De
566 2378 662 2413 clem.
686 2379 713 2421 I,
742 2384 770 2420 7,
795 2384 824 2412 2.

405 2435 464 2477 78)
487 2433 554 2477 Ep.
580 2439 633 2475 95,
659 2439 712 2468 50.

402 2490 461 2531 79)
483 2489 643 2523 Lactant.
666 2489 776 2523 instit.
802 2496 852 2530 17,
879 2496 937 2531 24,
966 2496 1004 2523 16
1019 2500 1068 2532 811.
1114 2490 1263 2533 (Seneca
1286 2490 1339 2523 ed.
1363 2489 1407 2522 H.
1431 2489 1495 2522 111.
1516 2499 1549 2532 p.
1569 2491 1662 2531 421.)

400 2545 460 2588 80)
484 2543 586 2578 Alius
608 2553 747 2588 quoque
771 2545 870 2580 locus
893 2544 1020 2589 dignus
1045 2549 1112 2587 est,
1137 2544 1197 2589 qui
1226 2543 1463 2586 adscribatur,
1487 2543 1552 2588 Ep.
1576 2551 1635 2586 41,
1660 2551 1690 2581 2.
1738 2544 1867 2587 „Sacer
1898 2546 1990 2580 intra
2019 2554 2084 2579 1108
2113 2544 2257 2589 spiritus
2287 2543 2387 2579 sedet
2409 2543 2580 2579 malorum

177 2598 420 2643 bonorumque
445 2603 645 2635 nostrorum
669 2600 878 2636 observator
906 2605 942 2636 01
970 2604 1097 2636 0118108.
1142 2600 1225 2643 Hic,
1255 2603 1361 2645 prout
1383 2609 1405 2635 a
1428 2599 1532 2636 1101118
1555 2604 1725 2636 tractatus
1755 2605 1822 2643 est,
1853 2602 1904 2637 ita
1932 2611 1996 2637 nos
2027 2601 2102 2646 ipse
2131 2604 2292 2636 1180181.“
2340 2600 2512 2645 Egregie,
2543 2605 2581 2636 ut

179 2655 332 2697 solebat,
357 2655 401 2689 de
425 2657 660 2691 conscientiae
687 2661 814 2691 natura
836 2667 877 2691 80
900 2658 934 2691 vi
958 2658 1121 2701 exposuit
1142 2657 1321 2692 Auberlen
1345 2656 1367 2690 l.
1391 2656 1411 2690 l.
1435 2656 1479 2691 11.
1504 2666 1538 2700 p.
1560 2662 1614 2691 30.
1639 2662 1693 2691 32.
1716 2663 1789 2692 134.
2326 2668 2331 2673 ·

398 2712 459 2752 81)
482 2711 537 2745 Ita
560 2712 653 2746 enim
676 2712 880 2756 accipienda
903 2722 980 2747 esse
1005 2713 1160 2748 Senecae
1183 2712 1295 2748 verba
1323 2712 1499 2753 „omnium
1521 2723 1639 2747 rerum
1662 2714 1784 2757 optimi
1808 2717 1991 2749 auctores“
2021 2713 2083 2757 (de
2107 2713 2221 2748 benef.
2246 2712 2334 2754 Vn,
2359 2719 2418 2750 31.
2444 2716 2479 2757 2)
2502 2723 2580 2756 per-

178 2765 289 2800 suasit
312 2764 398 2800 mihi
422 2765 608 2802 Holzherr.
654 2767 695 2802 111
718 2767 868 2802 0811110111
890 2769 1099 2803 sententiam
1123 2768 1248 2804 Cicero
1271 2767 1423 2803 auctoris
1445 2768 1615 2803 vocabulo
1639 2778 1725 2803 usus
1749 2774 1802 2804 est
1825 2769 1869 2804 de
1894 2774 1966 2804 nat.
1990 2770 2085 2805 deor.
2111 2769 2144 2812 Ι,
2170 2775 2229 2812 21,
2257 2774 2285 2803 6.

399 2824 460 2867 82)
484 2822 536 2857 Cf.
559 2823 665 2857 etiam
689 2823 741 2864 id,
762 2822 857 2867 quod
882 2823 1013 2868 legitur
1034 2824 1079 2859 de
1103 2825 1201 2860 clem.
1225 2825 1276 2867 Π,
1302 2831 1332 2867 5,
1360 2831 1395 2867 1,
1420 2825 1563 2869 „religio
1587 2824 1672 2860 deos
1695 2826 1793 2869 colit,
1818 2826 2021 2871 superstitio
2045 2826 2183 2862 violat.“

400 2880 461 2922 83)
484 2878 541 2914 De
564 2879 628 2914 civ.
651 2879 708 2914 dei
734 2885 785 2920 17,
814 2885 865 2914 10.
900 2880 1054 2924 (Seneca
1076 2881 1130 2916 ed.
1154 2881 1198 2916 H.
1221 2881 1287 2916 III.
1310 2892 1342 2925 p.
1365 2882 1458 2926 424.)

397 2937 455 2979 84)
478 2936 664 2979 Augustin.
686 2936 731 2970 ib.
755 2941 809 2970 39.
833 2936 985 2981 (Seneca
1009 2937 1063 2971 ed.
1087 2937 1130 2972 H.
1154 2938 1219 2973 111.
1242 2949 1277 2982 p.
1293 2939 1385 2981 426.)
1415 2937 1525 2972 Paulo
1549 2942 1631 2972 81110
1653 2932 1874 2982 Augustinus
1898 2939 1938 2984 (l.
1954 2939 1977 2974 l.
1995 2940 2056 2982 38)
2081 2939 2168 2974 11800
2190 2939 2398 2983 scripserat:
2436 2938 2498 2982 „In
2522 2938 2575 2972 his

173 2989 282 3024 sacris
304 2990 417 3025 civilis
441 2988 642 3034 theologiae
666 2989 731 3026 has
755 2995 875 3035 partes
899 2992 1016 3036 potius
1040 2992 1147 3036 elegit
1169 2992 1303 3028 Seneca
1325 2992 1490 3036 sapienti,
1514 2998 1554 3028 ut
1576 3003 1637 3027 eas
1660 2993 1697 3028 in
1720 2994 1827 3029 animi
1849 2994 2020 3039 religione
2044 3004 2115 3029 11011
2139 2994 2286 3035 11811081,
2311 2994 2373 3028 sed
2389 2994 2425 3028 in
2442 2993 2577 3028 actibus

174 3044 293 3087 fingat.
327 3046 390 3080 Ait
411 3046 522 3081 enim:
548 3046 647 3090 Quae
671 3048 789 3082 omnia
812 3048 953 3091 sapiens
976 3048 1135 3083 servabit
1156 3053 1324 3091 tanquam
1346 3047 1487 3090 legibus
1510 3049 1621 3090 iussa,
1644 3059 1717 3084 non
1738 3054 1908 3094 tanquam
1930 3050 1985 3085 dis
2010 3052 2143 3094 grata.“
2182 3050 2315 3094 Quodsi
2330 3050 2408 3092 quis
2423 3049 2577 3082 Senecae

176 3097 446 3136 inconstantiam
469 3102 630 3146 miretur,
661 3103 721 3147 qui
745 3112 787 3138 08
816 3112 933 3146 sacra,
962 3113 1052 3147 quae
1079 3108 1200 3148 aperte
1222 3103 1451 3148 improbaret,
1474 3107 1591 3139 tamen
1613 3104 1752 3148 fecerit,
1775 3105 1806 3141 is
1829 3115 1901 3141 non
1924 3105 2040 3141 minus
2060 3108 2199 3149 oportet
2218 3105 2363 3140 miretur
2384 3103 2575 3144 Platonem,

175 3153 235 3198 qui
258 3154 381 3190 eadem
405 3155 472 3192 fuit
494 3157 747 3201 inconstantia3
772 3170 803 3193 v.
819 3158 946 3202 Zeller,
970 3158 1051 3195 hist.
1074 3158 1157 3204 phil.
1182 3158 1306 3195 Graec.
1327 3158 1372 3194 II.
1397 3169 1430 3202 p.
1449 3164 1511 3194 791
1534 3170 1584 3203 811.
1623 3159 1765 3195 Scilicet
1787 3166 1936 3206 uterque
1959 3170 2081 3196 eorum
2104 3160 2241 3195 videtur
2263 3159 2436 3201 timuisse,
2462 3168 2523 3201 ne,
2548 3159 2577 3193 si

173 3217 273 3243 sacra
303 3210 460 3254 publica,
492 3213 746 3258 qualiacunque
776 3220 892 3256 erant,
926 3215 1003 3249 fieri
1033 3216 1146 3249 desita
1176 3220 1308 3256 essent,
1342 3223 1415 3248 non
1445 3215 1550 3249 modo
1579 3217 1782 3260 superstitio
1811 3217 2009 3258 tolleretur,
2040 3217 2078 3250 111
2108 3226 2178 3260 11118
2208 3217 2299 3250 111081
2329 3216 2434 3249 timor
2464 3215 2577 3248 inanis

173 3263 336 3312 1100111111,
360 3266 423 3301 sed
447 3268 552 3304 etiam
577 3269 719 3314 religio,
743 3280 833 3314 quae
858 3270 1003 3306 deorum
1027 3271 1086 3315 pio
1111 3270 1206 3307 cultu
1230 3271 1444 3313 continetur,
1468 3281 1513 3306 ex
1537 3270 1663 3307 animis
1687 3270 1867 3308 hominum
1891 3272 2107 3308 evelleretur.

2239 3331 2295 3368 24?
