3085 3679
1435 230 1485 269 19

475 363 627 405 Restat
660 361 750 405 alia
785 374 866 417 res,
902 375 1014 416 quae
1049 362 1168 405 nullo
1204 366 1329 417 pacto
1365 375 1461 405 cum
1485 361 1676 406 Senecae
1712 363 1767 405 de
1801 362 2075 417 providentia
2110 363 2181 406 dei
2216 364 2429 406 sententia
2454 364 2662 417 congruit.

253 434 337 487 Qui
361 432 477 477 enim
500 432 563 476 sic
585 433 752 489 statuit,
780 432 827 477 id
849 434 963 488 quod
987 447 1084 477 eum
1115 447 1369 488 persuasum
1401 432 1562 477 habere
1584 432 1789 489 vidimus,
1823 434 1952 478 deum
1987 448 2064 490 pro
2103 434 2317 490 sapientia
2347 449 2425 478 sua
2460 440 2589 491 atque
2613 435 2661 478 in

253 505 448 550 homines
479 518 625 550 amore
655 505 862 550 mundum
893 519 1060 563 regere,
1098 506 1137 550 is
1170 505 1298 550 debet
1321 505 1514 562 credere,
1547 506 1749 562 quicquid
1773 507 1856 551 sibi
1888 508 1991 552 mali
2010 506 2233 562 acciderit,
2270 507 2399 550 saluti
2437 505 2519 551 sibi
2557 507 2660 561 fore,

253 582 398 634 utpote
421 591 450 621 a
478 578 559 623 deo
582 579 773 623 missum.
830 580 981 635 Itaque
1003 582 1122 624 nullo
1145 584 1270 636 pacto
1296 579 1432 623 vitam
1454 578 1696 635 abrumpet,
1732 581 1811 624 sed
1835 580 2118 637 exspectabit,
2154 580 2256 623 dum
2280 592 2308 623 a
2332 580 2514 624 statione
2538 592 2656 624 revo-

253 654 382 694 cetur.
440 651 497 694 At
528 651 695 696 Seneca
724 653 903 696 multis
939 654 1043 697 locis
1079 653 1204 697 docet
1237 651 1479 696 hominibus
1514 657 1694 707 sponte
1727 653 1818 696 vita
1852 653 2062 697 decedere
2091 654 2232 697 licere.
2289 653 2435 696 Veluti
2457 653 2512 696 de
2539 665 2657 707 prov.

254 726 292 779 6,
313 726 357 767 7:
387 724 524 776 „Ante
549 724 694 767 omnia
719 725 815 768 cavi
830 723 939 779 ¹⁴⁴),
963 739 1019 770 ne
1038 726 1133 781 quis
1156 737 1233 769 vos
1256 728 1422 768 teneret
1444 724 1613 768 invitos.
1654 725 1781 769 Patet
1804 726 1955 770 exitus.
1996 724 2042 769 Si
2066 737 2258 780 pugnare
2281 737 2368 769 non
2392 725 2535 778 vultis,
2558 725 2657 767 lieet

253 797 414 851 fugere.
472 796 576 841 Ideo
607 809 661 840 ex
684 795 880 841 omnibus
904 797 1049 853 rebus,
1084 812 1191 854 quas
1215 811 1311 842 esse
1339 796 1461 841 vobis
1484 798 1755 842 necessarias
1777 799 1912 853 volui,
1942 798 2050 842 nihil
2080 798 2162 841 feci
2193 797 2365 842 facilius
2387 811 2516 853 quam
2541 796 2660 840 mori.

253 868 487 912 Adtendite
505 868 644 923 modo,
668 873 711 911 et
734 868 948 925 videbitis,
972 884 1100 926 quam
1118 871 1262 914 brevis
1279 870 1337 913 ad
1356 869 1598 913 libertatem
1622 875 1664 913 et
1687 884 1815 925 quam
1839 872 2043 926 expedita
2067 871 2197 913 ducat
2220 871 2304 913 via.
2321 894 2378 901 -—
2396 870 2532 914 Omne
2556 874 2659 911 tem·

232 949 354 994 pus,
385 941 524 984 omnis
547 953 626 984 vos
648 941 768 984 locus
785 941 957 997 doceat,
991 956 1119 997 quam
1142 943 1270 986 facile
1300 942 1356 986 sit
1390 942 1638 986 renuntiare
1662 947 1843 986 naturae
1873 947 1916 986 et
1946 956 2103 986 munus
2137 942 2203 985 illi
2235 956 2359 986 suum
2383 941 2661 997 impingere“.

254 1011 521 1067 Quamquam
537 1012 741 1068 Senecae,
764 1027 818 1058 ne
842 1014 937 1070 quis
959 1015 1151 1071 iniquius
1175 1015 1230 1059 de
1248 1028 1298 1059 eo
1322 1014 1528 1059 iudicium
1551 1013 1799 1071 faciat145),
1823 1015 2058 1060 effeminati
2082 1014 2217 1059 animi
2242 1028 2338 1058 esse
2360 1013 2532 1058 videtur
2554 1025 2658 1068 pau-

252 1087 474 1139 pertatem,
497 1085 668 1129 dolores
692 1086 888 1142 aliasque
912 1087 1180 1131 calamitates
1202 1092 1338 1131 morte
1361 1087 1607 1131 voluntaria
1629 1088 1828 1142 effugere.
1874 1088 2017 1143 Negat
2036 1089 2151 1132 enim
2169 1101 2265 1131 esse
2283 1086 2553 1130 moriendum
2575 1084 2660 1128 nisi

252 1155 450 1208 graviore
485 1170 618 1199 causa
652 1157 923 1213 impellente:
958 1172 1086 1214 quam
1117 1159 1328 1203 moriendi
1351 1159 1652 1202 necessitatem
1676 1160 1861 1215 sapienti
1895 1160 1957 1203 ita
1992 1161 2163 1204 demum
2198 1160 2368 1213 adesse,
2404 1159 2442 1201 si
2476 1162 2659 1200 naturae

253 1229 555 1273 convenienter
580 1230 728 1273 vivere
746 1229 1140 1286 prohibeatur-¹⁴⁶)
1170 1231 1291 1285 „Non
1308 1232 1567 1288 relinquam,
1590 1231 1739 1287 inquit,
1763 1237 2035 1287 senectutem,
2060 1233 2097 1275 si
2121 1246 2189 1275 me
2212 1236 2373 1275 totum
2399 1229 2505 1273 mihi
2522 1240 2658 1271 reser-

253 1299 394 1344 vabit:
431 1307 565 1345 totum
589 1308 735 1346 autem
758 1303 814 1347 ab
838 1304 915 1347 illa
937 1309 1060 1360 parte
1083 1305 1271 1348 meliore.
1329 1304 1387 1346 At
1422 1305 1460 1347 si
1495 1305 1682 1361 coeperit
1710 1309 1935 1348 concutere
1970 1311 2166 1359 mentem,
2202 1306 2239 1347 si
2274 1308 2421 1360 partes
2443 1303 2538 1346 eius
2561 1314 2659 1344 con-

252 1373 428 1429 vellere,
452 1375 489 1417 si
513 1376 619 1418 mihi
642 1389 729 1419 non
759 1376 924 1419 vitam
958 1377 1256 1431 reliquerit,
1291 1376 1368 1420 sed
1403 1377 1642 1431 animam,
1680 1377 1900 1431 prosiliam
1930 1390 1985 1420 ex
2017 1377 2211 1420 aedificio
2235 1376 2406 1431 putrido
2430 1388 2482 1417 ac
2504 1373 2658 1417 ruenti.

253 1444 480 1489 Morbum
503 1453 639 1492 morte
662 1463 748 1493 non
772 1449 954 1504 fugiam,
981 1440 1203 1493 dumtaxat
1227 1448 1465 1493 sanabilem
1495 1463 1590 1493 nec
1621 1449 1946 1494 officientem
1976 1450 2156 1493 animo.
2212 1449 2309 1493 Non
2333 1448 2526 1492 adferam
2550 1444 2656 1488 mihi

252 1530 406 1561 manus
428 1526 602 1575 propter
631 1522 886 1566 dolorem:
925 1523 987 1565 sic
1020 1523 1129 1566 mori
1151 1522 1266 1565 vinci
1302 1527 1379 1565 est.
1447 1523 1571 1566 Hunc
1605 1527 1749 1566 tamen
1784 1522 1821 1565 si
1858 1523 1994 1566 sciero
2024 1526 2230 1577 perpetuo
2265 1535 2361 1564 esse
2394 1519 2657 1575 patiendum,

253 1590 390 1645 exibo,
414 1606 512 1636 uon
537 1597 752 1648 propter
775 1595 965 1649 ipsum,
998 1595 1074 1637 sed
1098 1595 1199 1648 quia
1237 1595 1608 1650 impedimento
1644 1594 1768 1637 mihi
1805 1595 2013 1637 futurus
2037 1599 2117 1637 est
2147 1594 2213 1636 ad
2249 1606 2412 1647 omne,
2445 1595 2657 1647 propter

253 1675 313 1717 qu
326 1663 388 1707 od
412 1665 624 1709 vivitur.
682 1666 986 1711 Imbecillus
1015 1670 1081 1710 est
1105 1671 1147 1710 et
1180 1666 1429 1723 ignavus,
1452 1667 1525 1723 qui
1549 1671 1722 1723 propter
1743 1666 1934 1711 dolorem
1957 1667 2152 1723 moritur,
2188 1667 2361 1721 stultus,
2396 1665 2470 1720 qui
2496 1662 2658 1707 doloris

252 1747 384 1778 causa
407 1737 575 1780 vivit.“¹
588 1737 655 1791 ⁴⁷)
684 1739 777 1783 Hac
799 1752 901 1782 vero
925 1743 1069 1782 aetate
1088 1739 1160 1792 qui
1183 1742 1362 1781 mortem
1385 1738 1470 1793 ipsi
1488 1738 1570 1781 sibi
1589 1740 1874 1793 consciscunt,
1899 1752 2077 1794 quorum
2094 1752 2317 1782 numerum
2337 1739 2381 1780 in
2398 1737 2492 1779 dies
2509 1734 2657 1788 augeri

251 1808 436 1852 maxime
459 1808 690 1854 dolendum
715 1816 780 1855 est
797 1810 905 1865 148),
929 1827 1075 1855 eorum
1100 1810 1217 1853 haud
1232 1810 1360 1863 pauci
1388 1810 1577 1860 „frivolis
1600 1811 1655 1854 de
1680 1811 1859 1864 causis,“
1888 1816 1935 1853 ut
1958 1817 2055 1854 utar
2072 1811 2262 1854 Senecae
2287 1809 2432 1854 verbis
2445 1807 2461 1835 ¹
2474 1804 2555 1860 ⁴⁹),
2578 1806 2658 1850 hoc

252 1882 336 1936 est,
372 1883 598 1937 posmuam
632 1881 766 1928 vitam
800 1881 1076 1929 libidinosam
1108 1881 1336 1939 degerunt,
1371 1880 1485 1928 bona
1521 1886 1892 1939 consumpserunt,
1925 1880 2126 1929 inanibus
2155 1880 2285 1928 rebus
2313 1885 2484 1937 tempus
2507 1876 2657 1925 contri·

253 1958 426 2010 verunt,
460 1954 519 2000 ad
541 1960 776 2002 extremum
808 1956 917 2001 illud
940 1960 983 2001 et
1013 1955 1309 2002 foedissimum
1333 1955 1540 2001 auxilium
1564 1955 1830 2012 confugiunt,
1853 1969 1932 2001 nec
1955 1955 2079 2001 nefas
2114 1955 2159 2000 id
2194 1955 2418 2010 ducentes,
2453 1951 2567 2009 quod
2589 1950 2659 1996 vel

251 2025 439 2071 maxime
463 2026 630 2083 legibus
653 2028 812 2073 divinis
843 2032 1054 2084 repugnat
1073 2027 1183 2085 1⁵⁰),
1218 2041 1357 2084 neque
1389 2041 1533 2073 secum
1558 2032 1825 2085 reputantes,
1858 2027 2093 2073 omnibus
2126 2027 2334 2074 omnino
2364 2023 2660 2071 hominibus

250 2099 435 2151 gratiam
453 2099 644 2144 divinam
663 2106 824 2157 patere,
847 2102 973 2146 modo
992 2106 1262 2157 peccatorum
1281 2113 1382 2145 vere
1400 2113 1474 2145 eos
1489 2101 1721 2156 paeniteat.
1763 2100 1861 2156 Sed,
1879 2105 1927 2145 ut
1945 2101 2003 2144 ad
2020 2101 2237 2156 inceptum
2256 2104 2460 2155 revertar,
2483 2098 2661 2152 Seneca,

253 2182 347 2213 cum
383 2171 573 2216 falsam
610 2174 879 2229 sapientis
912 2174 996 2217 viri
1031 2174 1248 2218 notionem
1277 2178 1419 2217 mente
1450 2174 1709 2228 conceperit,
1738 2172 1830 2217 fieri
1863 2186 1950 2216 non
1984 2177 2125 2228 potest
2148 2173 2251 2228 quin
2284 2173 2339 2216 de
2370 2171 2463 2216 deo
2493 2182 2660 2226 quoque

251 2243 406 2287 salsam
441 2243 599 2288 habeat
633 2246 899 2302 opinionem,
934 2259 1059 2301 quem
1096 2245 1292 2302 pluribus
1327 2246 1433 2290 locis
1467 2246 1590 2289 docet
1624 2258 1652 2288 a
1688 2246 1882 2301 sapiente
1918 2245 2116 2300 aequari,
2151 2245 2254 2300 quin
2289 2245 2421 2289 etiam
2454 2243 2663 2300 superari.

258 2316 445 2372 „Bonus,
469 2317 722 2372 inquit¹⁵¹)‚
746 2323 981 2374 tempore
1004 2323 1172 2363 tantum
1195 2332 1224 2362 a
1253 2319 1336 2362 deo
1359 2318 1587 2362 differt.“
1613 2341 1670 2348 —
1698 2318 1800 2369 „Est
1822 2318 2000 2373 aliquid,
2036 2331 2118 2372 quo
2144 2318 2357 2372 sapiens
2380 2316 2657 2360 antecedat

252 2388 403 2432 deum:
440 2390 515 2434 ille
538 2390 743 2435 beneficio
767 2396 949 2436 naturae
978 2406 1064 2436 non
1095 2393 1235 2450 timet,
1271 2406 1348 2437 suo
1386 2389 1702 2448 sapiens.“1⁵²)
1754 2390 1906 2444 „Ferte
1929 2391 2106 2435 fortiter.
2153 2391 2244 2434 Hoc
2276 2394 2361 2447 est,
2398 2403 2482 2445 quo
2513 2389 2657 2433 deum

252 2464 611 2508 antecedatis:
637 2465 711 2509 ille
735 2469 856 2507 extra
879 2465 1132 2520 patientiam
1157 2467 1366 2509 malorum
1390 2469 1467 2521 est,
1489 2478 1567 2507 vos
1591 2477 1721 2520 supra
1743 2462 2142 2519 patientiam.“¹⁵³)

479 2570 560 2613 144)
583 2568 700 2604 Deum
722 2569 923 2613 loquentem
947 2569 1083 2605 Seneca
1103 2569 1246 2605 inducit.
1328 2605 1333 2613 ,

478 2626 558 2670 145)
581 2625 709 2659 Parum
741 2625 925 2669 pempicue
958 2625 1045 2659 haec
1080 2625 1220 2669 scripsit
1254 2624 1298 2658 H.
1329 2624 1521 2659 Schiller
1548 2623 1781 2668 (Gesckicme
1816 2622 1880 2657 des
1915 2622 2130 2659 Rom-iselam
2163 2621 2416 2658 Rhiserreichs
2450 2625 2559 2655 unte-r
2595 2619 2659 2654 der

252 2677 462 2725 Reqiemnq
490 2680 554 2715 des
583 2681 717 2722 Nero,
752 2682 872 2716 Berlin
898 2687 1001 2723 1872,
1025 2692 1059 2724 p.
1083 2684 1183 2725 596):
1209 2679 1306 2722 „Die
1331 2679 1465 2716 Stellcn
1492 2680 1576 2715 sind
1604 2679 1703 2715 'dolat
1732 2679 1862 2719 senen,
1895 2691 1950 2715 mo
1979 2681 2037 2714 ein
2063 2679 2179 2715 Mann
2209 2680 2275 2715 mie
2300 2678 2437 2714 Seneca
2467 2679 2505 2712 in
2528 2675 2657 2712 leiden-

250 2734 466 2781 schastliche
489 2735 634 2771 Frende
657 2736 859 2778 ausbricht,
895 2748 997 2773 menn
1032 2749 1073 2772 er
1108 2737 1177 2772 den
1209 2736 1433 2773 selbstmord
1461 2736 1519 2772 als
1547 2735 1615 2772 das
1645 2736 1749 2771 letzte
1771 2734 1955 2770 Bollmerlc
1983 2735 2046 2770 des
2075 2734 2299 2771 mankenden
2331 2733 2468 2770 Geistes
2498 2731 2657 2768 verber-r-

252 2791 372 2827 lichtst
425 2791 593 2836 Egregie,
625 2802 695 2836 qua
729 2793 948 2837 potissimum
983 2803 1091 2829 causa
1124 2798 1281 2828 veterum
1317 2793 1468 2838 optimus
1505 2792 1652 2836 quisque
1668 2839 1670 2841 v
1687 2791 1732 2826 ad
1768 2795 1915 2826 mortem
1947 2791 2179 2826 voluntariam
2215 2791 2387 2836 impulsus
2419 2790 2479 2831 sit,
2514 2787 2657 2832 exponit

252 2847 372 2892 Spiess
396 2848 418 2883 1.
441 2849 463 2883 l.
487 2859 521 2893 p.
544 2848 648 2883 XXX
664 2859 714 2892 sq.

478 2907 560 2950 146)
583 2904 649 2950 Ep.
672 2910 731 2948 58,
756 2911 798 2942 35
812 2915 863 2950 sq.

484 2963 565 3005 147)
589 2961 640 2997 cf.
664 2961 750 2997 ibid.
776 2963 803 3006 ς.
821 2967 884 2997 34:
922 2962 987 3004 „Si
1010 2962 1133 2997 inutile
1158 2961 1359 2997 ministeriis
1382 2970 1511 3006 corpus
1534 2965 1602 3003 est,
1627 2960 1747 3005 quidni
1771 2965 1933 3005 oporteat
1956 2960 2106 2995 educere
2131 2960 2284 2995 animum
2308 2958 2526 2994 laborantem
2537 2956 2574 2990 ?“

481 3018 562 3061 148)
579 3017 656 3051 .Vel
681 3027 725 3051 ex
751 3027 794 3051 ea
816 3027 854 3051 re
879 3018 1035 3062 intellegi
1058 3019 1154 3060 licet,
1180 3022 1396 3063 quantopere
1419 3026 1504 3052 vera
1528 3017 1641 3061 pietas
1664 3017 1773 3051 minui
1796 3026 1837 3051 ac
1860 3026 1975 3051 mores
1995 3017 2031 3050 in
2055 3025 2223 3061 praeceps
2246 3016 2320 3050 labi
2342 3014 2528 3058 coeperint

477 3074 558 3118 149)
581 3072 646 3118 Ep.
670 3080 709 3115 4,
735 3081 763 3108 4.

478 3131 560 3173 150)
585 3129 635 3164 cf.
658 3129 758 3164 Pauli
783 3129 827 3164 ad
852 3129 951 3165 Rom.
975 3139 1028 3174 ep.
1055 3137 1111 3171 14,
1140 3135 1177 3164 7:
1219 3129 1347 3169 Οὐδεὶς
1370 3131 1488 3174 ἑαυτῷ
1513 3127 1749 3174 ἀποθνήσκει.

480 3186 562 3229 151)
585 3185 642 3219 De
665 3195 761 3230 prov.
786 3185 819 3227 1,
845 3189 884 3228 ὃς
908 3185 951 3220 cf.
975 3195 1028 3230 ep.
1054 3191 1113 3227 53,
1140 3192 1191 3220 11.

480 3244 562 3283 152)
585 3241 652 3285 Ep.
678 3247 737 3283 53,
764 3249 815 3276 11.

480 3299 562 3340 153)
586 3296 642 3331 De
665 3307 760 3341 prov.
786 3303 821 3340 6,
849 3304 877 3332 6.

2313 3352 2370 3392 3*
