3085 3679
1502 289 1553 326 16

313 422 503 465 externis
526 419 634 473 l²⁵³),
675 420 852 473 deinde,
893 436 948 464 ne
991 422 1087 475 quis
1130 421 1345 463 virtutis
1388 421 1561 474 specie
1602 420 1844 471 fallatur,
1890 418 2104 471 admonet,
2122 415 2218 470 ¹²³⁴¹)
2261 418 2395 461 nihil
2437 416 2727 472 opinionis,

311 495 484 536 omnia
510 492 875 536 conscientiae
900 507 1058 536 causa
1084 493 1283 536 facienda
1307 491 1544 544 docet.¹²⁵)

533 565 592 607 At
615 564 894 608 inveniuntur
910 565 1027 620 apud
1045 565 1255 608 Senecam
1280 566 1410 609 etiam
1435 580 1505 620 ea,
1529 580 1640 620 quae
1659 579 1755 608 eum
1773 563 1959 618 egregiis
1982 563 2077 606 eius
2101 562 2155 605 de
2179 561 2261 605 deo
2286 562 2527 616 sententiis,
2550 576 2658 616 quas
2682 561 2727 605 in

311 637 499 682 medium
523 637 699 693 protuli,
725 643 801 681 aut
831 637 1118 681 videantur
1151 651 1249 681 non
1284 638 1585 682 consentire
1610 642 1686 682 aut
1719 652 1819 681 non
1849 635 2200 681 consentiant.
2258 634 2321 679 Ac
2343 634 2527 690 primum
2551 633 2726 689 quidem

311 710 447 772 possit
477 709 637 764 aliquis
660 709 706 752 in
730 724 782 753 eo
806 710 1044 764 offendere,
1074 710 1293 765 quodssille
1324 724 1634 765 saepenumero
1665 725 1751 754 non
1786 709 1887 763 dei,
1925 709 2001 753 sed
2036 709 2243 752 deorum
2274 707 2533 752 mentionem
2557 706 2662 750 facit
2684 711 2728 751 et

310 781 443 836 quod,
473 794 598 836 quem
634 781 783 825 deum
820 782 930 826 solet
964 782 1127 837 dicere,
1163 782 1347 826 eundem
1384 781 1485 825 aliis
1520 781 1625 825 loeis
1649 780 1862 836 significat
1886 780 2107 824 vocabulis
2142 780 2302 836 Iovis,
2337 784 2575 833 naturae,
2611 778 2727 833 fati,

311 853 576 896 fortunae.
632 853 767 897 Cuius
791 855 854 898 rei
880 867 976 898 cum
1000 855 1136 898 multa
1160 854 1321 909 possim
1345 854 1500 897 afferre
1527 853 1743 908 exempla,
1773 865 1913 907 pauca
1945 865 2275 897 commemorare
2307 853 2413 897 satis
2436 851 2573 895 habeo
2598 851 2727 894 haee:

312 926 391 981 Ep.
410 927 476 980 73,
498 929 548 968 14
562 940 651 981 sqq.
689 960 706 979 „
719 927 954 982 Iuppiter
978 927 1121 970 omnia
1139 926 1268 969 habet
1285 951 1342 956 —-
1358 951 1426 969 —.
1451 927 1547 969 Non
1566 929 1665 969 sunt
1688 924 1739 967 di
1767 924 1982 967 fastidiosi
2003 949 2054 954 —
2074 948 2132 955 —-
2149 949 2216 968 —.
2246 925 2420 971 Miraris
2436 924 2650 968 hominem
2671 923 2727 966 ad

312 998 437 1041 deos
461 999 559 1043 ire?
608 1000 746 1042 Deus
769 998 828 1041 ad
853 999 1048 1042 homines
1072 1000 1238 1054 venit“;
1268 999 1324 1042 ib.
1345 1002 1436 1054 107,
1464 1000 1526 1041 16.
1578 999 1783 1050 „Par-atos
1807 1010 1885 1039 nos
1910 998 2104 1040 inveniat
2128 998 2146 1039 f
2152 1002 2306 1040 atum.
2354 999 2434 1041 Hic
2458 1002 2524 1040 est
2546 1010 2728 1051 magnus

313 1071 504 1125 animus,
530 1072 602 1126 qui
628 1085 674 1115 se
698 1072 790 1115 deo
816 1071 1016 1115 tradidit:
1048 1075 1095 1114 at
1118 1076 1266 1115 contra
1292 1073 1365 1115 ille
1389 1072 1573 1127 pusillus
1598 1076 1639 1115 et
1662 1071 1867 1125 degener,
1899 1071 1970 1125 qui
1996 1069 2238 1114 obluctatur
2262 1076 2304 1114 et
2328 1071 2383 1114 de
2407 1070 2556 1114 ordine
2580 1069 2728 1112 mundi

312 1143 425 1187 male
448 1143 665 1187 existimat
689 1148 731 1188 et
755 1143 987 1188 emendare
1011 1145 1174 1188 mavult
1197 1144 1322 1188 deos
1353 1157 1480 1198 quam
1505 1145 1574 1188 se“
1600 1146 1612 1169 ¹
1627 1142 1716 1198 ²⁶),
1747 1143 1801 1187 de
1825 1143 1961 1186 benef.
1987 1143 2063 1198 VI,
2088 1145 2161 1197 23,
2187 1146 2230 1185 5:
2271 1143 2499 1198 „cogitavit
2523 1156 2601 1186 nos
2627 1147 2727 1184 ante

312 1219 519 1268 natura,
544 1228 672 1270 quam
692 1215 839 1269 feeit“;
864 1216 914 1257 cf.
935 1215 989 1258 de
1009 1228 1126 1270 prov.
1141 1220 1178 1270 5,
1198 1218 1235 1258 8.
1273 1217 1362 1259 Hos
1380 1221 1423 1259 et
1442 1217 1606 1259 similes
1630 1217 1745 1259 locos
1769 1229 1824 1259 ne
1848 1217 1960 1258 male
1984 1216 2298 1269 intellegamus,
2322 1216 2645 1258 consideremus
2663 1226 2729 1267 ea,

312 1300 423 1339 quae
450 1287 551 1329 aliis
575 1288 682 1330 locis
706 1287 810 1330 dicit
829 1286 1007 1329 Seneca.
1054 1288 1285 1341 Postquam
1312 1289 1425 1331 enim
1451 1289 1664 1342 quendam
1690 1289 1796 1331 haec
1820 1288 1901 1330 sibi
1925 1287 2179 1329 obicientem
2203 1287 2324 1329 fecit:
2364 1320 2380 1339 „
2395 1288 2598 1330 Natura
2622 1286 2729 1329 haec

312 1359 418 1402 mihi
442 1360 659 1414 praestat“
683 1358 794 1414 ¹²⁷),
829 1359 891 1402 sie
914 1358 1057 1414 pergit
1080 1359 1247 1403 dicere:
1290 1361 1410 1412 „Non
1436 1360 1654 1414 intellegis
1680 1368 1736 1415 te,
1762 1375 1857 1403 cum
1882 1360 1961 1403 hoc
1984 1359 2112 1412 dieis,
2135 1364 2335 1402 mutare
2364 1373 2546 1403 nomen
2571 1359 2724 1402 deo?“

314 1430 427 1482 Quid
451 1433 566 1474 enim
592 1432 713 1474 aliud
748 1436 813 1474 est
850 1436 1041 1473 natura
1077 1445 1205 1485 quam
1241 1433 1368 1491 deus
1404 1437 1447 1474 et
1483 1432 1631 1474 divina
1667 1433 1776 1474 ratio
1806 1432 1884 1474 toti
1915 1432 2072 1474 mundo
2104 1431 2381 1485 partibusque
2413 1432 2506 1474 eius
2530 1432 2728 1474 inserta?

314 1501 569 1553 Quotiens
604 1504 765 1556 voles,
808 1501 906 1545 tibi
949 1502 1075 1546 licet
1116 1503 1278 1546 aliter
1313 1504 1446 1546 hunc
1484 1509 1748 1547 auctorem
1792 1517 1961 1547 rerum
2006 1507 2297 1547 nostrarum
2328 1504 2650 1559 conpellare:
2687 1508 2729 1547 et

314 1573 485 1617 Iovem
511 1574 633 1623 illum
652 1574 859 1629 optimum
877 1587 929 1616 ac
948 1574 1181 1617 maximum
1207 1576 1287 1618 rite
1306 1575 1426 1618 dices
1450 1582 1492 1618 et
1516 1580 1733 1618 tonantem
1754 1581 1796 1619 et
1822 1581 2036 1619 statorem.
2053 1599 2110 1605 —-
2129 1576 2254 1618 Hunc
2271 1575 2455 1618 eundem
2473 1581 2517 1619 et
2533 1576 2668 1619 fat-um
2693 1576 2729 1619 si

314 1645 494 1698 dixeris,
518 1659 604 1688 non
628 1646 860 1689 mentieris
885 1669 942 1675 —
967 1645 1313 1701 Quaecunque
1338 1648 1501 1702 voleS,
1534 1648 1619 1690 illi
1650 1649 1858 1692 nomina
1881 1648 2095 1704 proprie
2127 1647 2338 1703 aptabis
2367 1648 2469 1690 vim
2503 1648 2729 1702 aliquam

314 1717 666 1772 effectumque
702 1718 1018 1760 caelestium
1057 1732 1223 1761 rerum
1262 1720 1609 1762 continentia:
1647 1726 1719 1761 tot
1755 1721 2145 1776 appellationes
2181 1732 2299 1762 esse
2334 1725 2573 1775 possunt,
2608 1725 2730 1774 quot

543 1935 619 1968 123)
643 1928 707 1972 Ep.
729 1935 786 1969 7-1,
814 1934 854 1962 16
869 1939 942 1971 sqq.
976 1928 1079 1969 „Non
1104 1934 1157 1963 est
1181 1940 1317 1964 summa
1340 1930 1519 1965 felicitatis
1543 1935 1682 1965 nostrae
1708 1931 1744 1964 in
1768 1940 1874 1965 carne
1899 1930 2080 1974 ponenda:
2106 1931 2220 1965 bona
2244 1930 2324 1965 illa
2347 1934 2453 1964 sunt
2477 1941 2595 1972 vera,
2620 1941 2730 1974 quae

314 1984 430 2019 ratio
454 1985 542 2027 dat,
567 1985 708 2020 solida
732 1994 778 2020 ac
802 1985 1084 2029 sempiterna,
1109 1994 1200 2029 quae
1223 1986 1350 2020 cadere
1375 1996 1446 2020 non
1469 1980 1634 2031 possunt,
1659 1996 1704 2021 ne
1724 1986 1929 2022 decrescere
1954 1986 2094 2030 quidem
2119 1990 2181 2021 aut
2204 1986 2330 2021 minui:
2357 1991 2503 2021 cetera
2526 1988 2729 2032 opinione

315 2040 426 2075 bona
449 2046 531 2076 sunt
554 2045 591 2076 et
612 2051 741 2076 nomen
764 2040 905 2085 quidem
929 2040 1063 2075 habent
1084 2050 1268 2075 commune
1292 2052 1372 2076 cum
1397 2041 1496 2083 veris,
1520 2042 1717 2086 proprietas
1741 2042 1777 2077 in
1801 2042 1870 2077 illis
1895 2042 1981 2077 boni
2005 2052 2076 2077 non
2100 2047 2163 2077 est.
2198 2042 2322 2086 Itaque
2343 2042 2528 2078 commoda
2550 2048 2728 2086 vocentur,

315 2102 368 2137 et,
392 2101 432 2130 ut
455 2101 578 2131 nostra
599 2097 722 2140 lingua
744 2097 878 2139 loquar,
902 2097 1084 2140 producta.
1132 2097 1298 2132 Ceterum
1322 2098 1473 2132 sciamus
1503 2099 1722 2142 mancipia
1751 2103 1872 2133 nostra
1896 2108 1990 2139 esse,
2027 2108 2097 2132 non
2132 2103 2297 2142 partes,
2329 2103 2365 2133 et
2388 2099 2458 2133 sint
2489 2099 2602 2143 apud
2637 2109 2729 2141 nos,

314 2151 377 2187 sed
412 2151 491 2194 ita,
526 2156 572 2187 ut
606 2151 936 2188 meminerimus
971 2155 1097 2186 extra
1132 2161 1210 2186 nos
1245 2161 1358 2186 esse.
1413 2152 1563 2188 Etiamsi
1593 2153 1687 2199 apud
1716 2163 1780 2189 nos
1812 2153 1899 2195 sint,
1936 2153 2028 2188 inter
2058 2153 2219 2189 subiecta
2250 2157 2480 2188 numerentur
2508 2158 2544 2189 et
2574 2154 2729 2196 humilia,

314 2212 495 2252 propter
529 2219 637 2252 quae
671 2218 792 2243 nenio
828 2218 872 2243 se
907 2208 1137 2244 adtollere
1174 2207 1349 2243 debeat.
1398 2208 1490 2253 Quid
1514 2209 1607 2245 enim
1631 2210 1772 2245 stultius
1797 2220 1902 2254 quam
1926 2209 2079 2253 aliquem
2103 2219 2146 2244 eo
2170 2209 2237 2246 sibi
2260 2209 2417 2254 placere,
2441 2209 2536 2253 quod
2559 2210 2635 2254 ipse
2659 2221 2729 2246 non

313 2264 422 2299 fecit?
457 2265 606 2300 Omnia
641 2265 726 2300 ista
760 2264 891 2300 nobis
926 2265 1152 2307 accedant,
1188 2275 1259 2299 non
1294 2265 1525 2307 haereant,
1561 2270 1617 2308 ut,
1648 2267 1678 2301 si
1702 2266 1937 2308 abducantur,
1969 2266 2044 2299 sine
2069 2266 2143 2300 ulla
2165 2266 2277 2300 nostri
2300 2266 2514 2300 laceratione
2539 2266 2730 2302 discedant.

314 2320 494 2356 Utamur
528 2319 627 2364 illis,‘
650 2332 721 2357 non
757 2321 1012 2366 gloriemur,
1048 2326 1084 2357 et
1118 2326 1296 2356 utamur
1331 2332 1459 2366 parce
1494 2326 1702 2366 tanquam
1737 2322 1954 2367 depositis
1990 2322 2105 2366 apud
2141 2331 2220 2357 nos
2255 2326 2296 2357 et
2330 2321 2567 2366 abituris“;
2599 2323 2641 2358 cf.
2666 2323 2730 2359 Ev.

314 2377 399 2412 Luc.
427 2384 486 2419 12,
513 2384 668 2412 16—21.
716 2378 781 2423 Ep.
806 2378 852 2412 ad
873 2378 981 2413 Hebr.
1011 2384 1062 2419 10,
1088 2383 1140 2412 34.
1167 2398 1210 2403 -
1235 2378 1335 2412 Pauli
1359 2388 1413 2422 ep.
1437 2378 1482 2412 ad
1507 2378 1640 2414 Coloss.
1666 2385 1696 2420 3,
1722 2385 1760 2414 2:
1802 2378 1856 2412 Τὰ
1883 2374 1961 2413 ἅνω
1987 2383 2173 2426 φρονεῖτε,
2194 2376 2246 2425 μὴ
2271 2378 2315 2413 τὰ
2339 2377 2403 2413 ἐπὶ
2428 2379 2489 2421 τῆς
2511 2380 2589 2424 γῆς.

547 2436 628 2477 124)
650 2433 716 2478 Ep.
737 2439 811 2475 120,
830 2440 913 2477 8sq.
947 2432 1069 2475 „Mala
1092 2433 1268 2467 interdum
1293 2433 1447 2477 speciem
1471 2434 1610 2468 honesti
1634 2434 1794 2469 obtulere
1818 2439 1855 2469 et
1882 2435 2052 2478 optimum
2075 2444 2120 2468 ex
2144 2435 2321 2469 contrario
2345 2434 2459 2470 nituit.
2510 2434 2601 2468 Sunt
2625 2436 2728 2477 enim,

315 2495 355 2523 ut
378 2489 462 2530 scis,
487 2490 679 2524 virtutibus
703 2489 788 2524 vitia
810 2489 964 2524 confinia
987 2493 1024 2523 et
1045 2488 1194 2532 perditis
1218 2499 1359 2531 quoque
1385 2499 1426 2523 ac
1450 2489 1611 2532 turpibus
1635 2490 1723 2525 recti
1748 2490 1940 2525 similitudo
1965 2494 2037 2525 est:
2070 2490 2119 2524 sic
2143 2489 2312 2524 mentitur
2333 2488 2503 2533 prodigus
2534 2489 2729 2533 liberalem,

316 2555 397 2582 cum
421 2545 611 2591 plurimum
634 2545 788 2588 intersit,
812 2549 930 2581 utrum
947 2544 1025 2590 quis
1041 2544 1126 2580 dare
1142 2544 1232 2580 sciat
1246 2554 1292 2580 an
1309 2553 1451 2580 servare
1468 2544 1612 2581 nesciat.
1652 2545 1772 2588 Multi,
1796 2546 1954 2591 inquam.
1980 2550 2078 2589 sunt,
2103 2545 2164 2591 qui
2187 2554 2259 2581 non
2283 2544 2433 2588 donant,
2456 2544 2519 2580 sed
2542 2546 2729 2591 proiciunt.

315 2601 396 2636 Non
420 2611 506 2637 voco
530 2611 598 2646 ego
621 2601 804 2638 liberalem
827 2601 998 2646 pecuniae
1022 2609 1108 2636 suae
1132 2601 1269 2635 iratum.
1317 2600 1480 2635 Imitatur
1504 2600 1727 2645 neglegentia
1750 2600 1971 2643 facilitatem,
2005 2601 2185 2636 temeritas
2214 2600 2467 2635 fortitudinem.
2514 2600 2630 2637 Haec
2653 2612 2730 2638 nos

315 2658 562 2692 similitudo
586 2660 704 2703 cogit
726 2658 970 2692 adtendere
996 2662 1039 2691 et
1062 2657 1340 2700 distinguere
1365 2656 1514 2700 specie
1539 2657 1707 2699 quidem
1731 2658 1892 2698 vicina,
1916 2667 1961 2692 re
1979 2663 2125 2692 autem
2141 2657 2373 2701 plurimum
2396 2657 2512 2691 inter
2535 2668 2578 2692 se
2597 2658 2727 2693 dissi·

314 2715 499 2750 dentia“.
549 2714 783 2750 Christianam
808 2724 892 2749 vero
917 2713 1112 2748 doctrinam
1136 2713 1196 2756 qui
1221 2716 1431 2755 sequuntur,
1456 2721 1600 2756 prorsus
1625 2722 1753 2747 novum
1777 2713 1932 2747 animum
1956 2713 2027 2748 sibi
2050 2713 2197 2747 induere
2221 2712 2404 2747 iubentur:
2428 2712 2471 2747 cf.
2496 2713 2596 2749 Pauli
2620 2725 2675 2759 ep.
2694 2715 2729 2749 11

314 2771 359 2806 ad
384 2770 464 2807 Cor.
492 2777 523 2811 5.
550 2777 610 2806 17:
643 2768 755 2806 Ὥστε
779 2772 814 2806 εἴ
835 2784 886 2810 τις
915 2769 957 2805 ἐν
984 2769 1143 2815 Χριστῷ,
1176 2767 1282 2811 καινὴ
1315 2770 1440 2806 κτίσις·
1475 2766 1518 2803 τὰ
1550 2765 1684 2814 ἀρχαῖα
1716 2769 1915 2817 παρῆλθεν,
1949 2764 2043 2812 ἰδού,
2074 2769 2205 2814 γέγονε
2227 2765 2335 2804 καινὰ
2365 2767 2410 2804 τὰ
2435 2765 2577 2811 πάντας
2602 2769 2644 2806 cf.
2668 2770 2730 2807 Ev.

314 2825 439 2861 Matth.
463 2832 494 2867 9,
522 2832 575 2861 16.

545 2882 629 2925 125)
650 2881 709 2917 De
732 2881 806 2917 vita
830 2881 934 2917 beata
958 2886 1011 2923 20,
1036 2886 1066 2915 4.
1096 2900 1139 2906 -
1170 2879 1309 2913 Addam
1339 2878 1412 2921 hic,
1443 2879 1538 2923 quod
1568 2889 1676 2924 supra
1706 2880 1936 2925 praetermisi.
1985 2880 2203 2925 Obsequium
2239 2881 2276 2915 in
2311 2884 2477 2926 parentes
2512 2885 2730 2927 quantopere

317 2939 454 2972 Seneca
482 2939 607 2973 liberis
636 2938 803 2978 inculcet,
840 2947 885 2971 ex
922 2937 977 2970 his
1012 2936 1131 2970 verbis
1161 2940 1309 2979 apparet
1339 2935 1401 2979 (de
1427 2935 1541 2969 benef.
1565 2935 1635 2977 111,
1661 2942 1713 2978 88,
1738 2939 1793 2981 2):
1832 2937 1967 2977 „Nulla
1990 2938 2023 2971 vi
2048 2937 2250 2978 verborum,
2283 2937 2383 2971 nulla
2405 2937 2538 2980 ingenii
2562 2938 2730 2973 facultate

318 2995 468 3039 exprimi
496 2999 628 3038 potest,
658 2998 829 3037 quantum
858 3003 948 3037 opus
978 2992 1039 3032 sit,
1069 3001 1174 3035 quam
1205 2990 1385 3026 laudabile
1416 3001 1591 3035 quamque
1625 3003 1804 3037 nunquam
1834 3004 1856 3028 a
1885 2993 2055 3028 memoria
2082 2993 2264 3028 hominum
2293 2993 2486 3034 exiturum,
2522 3002 2626 3036 posse
2661 2993 2729 3029 hoc

320 3050 458 3086 dicere:
490 3049 759 3086 Parentibus
781 3050 869 3085 meis
891 3047 1010 3093 parui,
1034 3047 1133 3083 cessi.
1170 3046 1359 3091 Imperio
1384 3056 1553 3090 eorum,
1578 3047 1667 3084 sive
1691 3058 1871 3092 aequum
1896 3048 1989 3085 sive
2012 3048 2205 3094 iniquum
2229 3059 2277 3086 ac
2300 3048 2454 3084 durum
2477 3046 2580 3090 fuit,
2604 3048 2729 3085 obse-

318 3110 522 3149 quentem
547 3105 897 3149 submissumque
921 3113 983 3138 me
1007 3103 1206 3147 praebui.
1253 3103 1310 3136 Ad
1334 3103 1402 3137 hoc
1426 3113 1535 3137 unum
1557 3109 1745 3138 contumax
1769 3104 1837 3144 fui,
1862 3114 1906 3139 ne
1931 3104 2111 3140 beneflciis
2133 3106 2322 3140 vincerer.“

548 3162 632 3205 126)
655 3159 708 3196 cf.
732 3160 776 3195 de
799 3171 896 3205 prov.
920 3158 982 3200 IV,
1009 3164 1046 3193 6:
1086 3183 1162 3200 „...
1176 3159 1260 3200 ista¹‚
1288 3168 1379 3202 quae
1410 3158 1452 3192 di
1481 3158 1696 3194 immortales
1727 3159 1824 3194 velut
1853 3160 2012 3194 stimulos
2042 3160 2232 3194 admovent
2262 3159 2427 3200 animis“;
2451 3158 2537 3192 ibid.
2563 3164 2600 3192 7:
2634 3160 2730 3201 „Hos

317 3217 436 3260 itaque
469 3215 590 3258 deus,
626 3225 715 3260 quos
746 3215 874 3260 probat
896 3220 995 3260 ...“;
1032 3214 1118 3250 ibid.
1146 3221 1204 3250 11:
1242 3214 1370 3255 „Hanc
1399 3213 1518 3258 itaque
1547 3214 1719 3251 rationem
1751 3214 1795 3250 di
1826 3219 2022 3259 sequuntur
2044 3215 2081 3251 in
2105 3214 2210 3251 bonis
2238 3214 2368 3257 viris“;
2404 3213 2487 3249 ibid.
2513 3219 2572 3250 12:
2609 3214 2730 3260 „Quid

318 3272 462 3313 mirum,
486 3272 516 3307 si
540 3271 628 3307 dure
651 3281 843 3317 generosos
866 3272 1011 3317 spiritus
1034 3270 1147 3305 deus
1171 3271 1365 3314 temptat?·‘
1413 3270 1512 3304 Alios
1536 3270 1632 3304 locos
1656 3271 1760 3305 affert
1782 3270 1958 3305 Holzherr
1980 3271 2017 3305 in
2041 3271 2124 3305 diss.
2147 3270 2174 3303 Ι.
2200 3280 2232 3314 p.
2249 3275 2303 3304 99.
2325 3269 2406 3304 adn.
2423 3275 2453 3304 2.

549 3329 632 3372 12⁷)
655 3327 712 3362 De
737 3327 849 3362 benef.
873 3328 935 3369 lv,
961 3333 990 3369 7,
1018 3334 1045 3361 1.
