3085 3679
1426 805 1474 837 Ei
1494 805 1567 848 μὲν
1590 793 1659 836 οὖν
1680 800 1761 834 ἔστί
1782 812 1834 838 τις
1857 799 2032 843 οἰκειότης
2060 799 2152 845 πρὸς
2180 797 2356 842 ἀλλήλους
2378 801 2454 838 τοῖς
2482 795 2613 844 λόγοις,

1419 853 1611 906 προῦργου
1627 853 1676 891 ἂν
1690 853 1781 902 ἡμῖν
1796 854 1921 891 αὐτῶν
1942 852 1964 899 ἦ
1981 857 2115 901 γνῶσις
2129 857 2286 902 γένοιτο·
2310 857 2343 891 εἰ
2359 854 2401 890 δὲ
2423 851 2487 901 μή,
2511 851 2553 890 τό
2571 866 2615 900 γε

1363 941 1370 944 .
1422 911 1636 960 παράλληλα
1657 914 1791 951 θέντας
1813 914 2044 958 καταμαθεῖν
2067 912 2106 947 τὸ
2131 910 2327 959 διάφορον,
2352 909 2396 946 οὐ
2412 909 2549 958 μικρὸν
2566 913 2616 952 εἰς

1419 972 1616 1012 βεβαίωσιν
1636 970 1830 1011 βελτίονος.

1749 1035 1901 1069 Basilius
1925 1035 1969 1069 de
1992 1035 2150 1079 legendis
2174 1035 2299 1070 Graec.
2325 1036 2422 1071 libris
2446 1047 2474 1072 c.
2492 1043 2520 1071 3.

388 1253 457 1328 L.
509 1214 825 1326 Annaeus
875 1250 1119 1324 Seneca-
1165 1248 1326 1339 quid
1373 1248 1453 1323 de
1500 1247 1604 1322 dis
1651 1246 1938 1322 senserit
1982 1247 2362 1338 exponitur.
2379 1255 2425 1336 ¹)

429 1416 685 1489 Notissima
710 1443 787 1485 illa
816 1442 865 1494 Q.
896 1442 1063 1485 Horatii
1087 1442 1232 1486 Flacci
1264 1430 1396 1485 verba
1432 1441 1529 1498 (Ep.
1555 1442 1614 1497 II,
1643 1446 1682 1496 1,
1712 1439 1809 1495 156)
1839 1441 2049 1493 „Graecia
2081 1447 2209 1496 capta
2241 1442 2379 1485 ferum
2410 1442 2613 1485 victorem

205 1520 341 1575 cepit“
383 1519 419 1562 si
457 1532 510 1561 ex
545 1520 689 1559 mente
724 1519 878 1570 poetae
913 1515 1259 1569 interpretamur,
1295 1528 1379 1557 non
1415 1528 1641 1569 possumus
1675 1528 1761 1556 non
1797 1514 1852 1556 de
1887 1514 2126 1557 eruditione
2152 1514 2412 1557 Graecorum
2435 1515 2614 1557 Romam

206 1591 418 1635 translata
443 1589 706 1642 intellegere.
742 1586 904 1628 Eadem
930 1591 1075 1628 tamen
1099 1586 1134 1628 si
1163 1599 1240 1640 per
1262 1599 1308 1628 se
1332 1590 1595 1640 spectantur,
1619 1586 1726 1628 nihil
1752 1586 1942 1640 impedit,
1966 1586 2193 1639 quominus
2216 1586 2346 1628 etiam
2364 1586 2419 1628 de
2436 1586 2614 1629 deorum

434 1724 470 1767 1)
499 1720 597 1755 Idem
629 1719 727 1753 locus
756 1722 817 1751 aut
840 1717 1022 1761 attingitur
1051 1722 1112 1751 aut
1141 1718 1336 1762 explicator
1364 1716 1420 1752 his
1450 1717 1567 1752 libris:
1601 1717 1641 1752 F.
1667 1716 1924 1753 Nuscheler:
1955 1717 1995 1752 L.
2022 1719 2195 1753 Annaeus
2220 1716 2357 1754 Seneca
2381 1718 2447 1754 der
2473 1717 2606 1754 Sitten-

205 1781 324 1817 lehrer
348 1778 441 1815 ronch
466 1777 543 1814 clem
565 1775 763 1811 Character
786 1773 904 1808 seim-s
926 1772 1064 1808 Lebens
1086 1773 1165 1808 und
1185 1774 1306 1809 seiner
1331 1771 1518 1819 Schriften
1541 1774 1757 1820 entmorfen.
1805 1774 1871 1809 Bd.
1894 1775 1920 1808 I.
1968 1775 2098 1809 Zurich
2117 1780 2215 1810 1783.

432 1834 498 1868 Th.
522 1832 581 1867 Fr.
605 1830 693 1866 God.
717 1828 979 1864 Reinhardt:
1005 1828 1061 1863 De
1086 1828 1126 1864 L.
1151 1830 1290 1864 Annaei
1313 1829 1469 1864 Senecae
1493 1829 1566 1864 vita
1588 1835 1694 1874 atque
1716 1830 1868 1875 scriptis.
1914 1830 2021 1865 lenae
2040 1836 2138 1866 1816.

429 1889 461 1925 J.
479 1889 516 1924 C.
531 1887 590 1922 Fr.
606 1886 770 1932 Meyer:
795 1883 1050 1920 Commentatio
1066 1884 1103 1919 in
1120 1894 1189 1928 qua
1204 1883 1366 1920 doctrina
1382 1883 1580 1920 Stoicorum
1596 1883 1713 1920 ethica
1727 1897 1807 1921 cum
1824 1885 2027 1922 Christiana
2042 1891 2276 1931 comparamr.
2306 1885 2500 1931 Gottingae
2516 1892 2615 1922 1828.

432 1945 470 1980 C.
494 1942 703 1978 Schmidt:
730 1940 838 1976 Essm·
859 1940 1059 1986 histor-ique
1080 1950 1145 1974 sm·
1168 1940 1204 1974 Ia
1228 1940 1369 1974 societe'
1388 1940 1489 1975 civile
1512 1940 1605 1975 dans
1627 1940 1660 1976 le
1682 1940 1814 1976 monde
1835 1942 1978 1977 romain
2003 1946 2039 1977 et
2061 1953 2127 1977 sur
2148 1953 2191 1978 sa
2214 1942 2522 1990 transfor-motion
2543 1955 2617 1990 par

206 2004 239 2040 Ie
262 2001 537 2039 christianis-me.
575 1999 675 2034 Paris
694 2003 800 2034 1853:
826 2007 929 2042 quem
953 1997 1083 2033 librum
1107 1997 1153 2032 ab
1170 1998 1211 2031 A.
1228 1996 1274 2032 V'.
1290 1996 1445 2032 Richard
1469 1997 1505 2032 in
1522 1997 1777 2033 Germanorum
1793 1997 1951 2041 linguam
1967 2008 2174 2034 conversum
2190 1998 2347 2043 (Lipsiae
2362 2005 2449 2035 1857
2467 2000 2617 2043 editum)

206 2060 356 2095 lectores
378 2056 506 2093 iubebo
530 2054 639 2091 adire.

429 2110 662 2146 Holzherr:
689 2109 764 2144 Der
790 2109 987 2156 Philas-oph
1012 2109 1052 2143 L.
1077 2110 1250 2144 Annaeus
1275 2107 1422 2144 Seneca.
1470 2108 1611 2144 Rastatt
1636 2115 1665 2144 1.
1681 2108 1749 2145 Th.
1768 2114 1874 2153 18583
1900 2115 1929 2145 2.
1946 2109 2013 2145 Th.
2033 2115 2129 2145 1859.

430 2167 615 2203 Siedler:
641 2164 710 2201 Die
731 2165 1059 2211 reliqias-sittliche
1090 2163 1422 2210 Weltanschauunq
1446 2164 1511 2200 des
1534 2163 1780 2210 Philosophen
1803 2165 1844 2200 L.
1869 2167 2042 2201 Annaeus
2066 2165 2214 2202 Seneca.
2263 2168 2454 2203 Fraustadt
2472 2174 2568 2204 1863.

433 2224 620 2259 Pmeterea
644 2221 823 2258 Fickert
853 2222 962 2258 edidit
984 2220 1238 2266 (Vratislaviae
1266 2222 1372 2265 1851)
1394 2220 1677 2256 dissertationem
1707 2222 1899 2265 quandam,
1929 2233 1999 2266 qua
2021 2222 2176 2258 Senecae
2212 2224 2275 2267 „de
2299 2229 2425 2260 natum
2448 2225 2614 2260 deorum“

207 2280 415 2317 sententiam
440 2278 616 2324 exposuit.
649 2286 753 2322 quam
777 2282 895 2312 tamen
919 2276 1200 2311 dissertationem
1224 2284 1295 2310 non
1319 2275 1431 2320 magis
1454 2275 1539 2310 mihi
1562 2275 1661 2312 licuit
1685 2275 1858 2321 inspicere
1882 2286 1987 2321 quam
2012 2287 2073 2313 eos
2096 2276 2221 2321 libros,
2253 2289 2340 2323 quos
2364 2279 2435 2315 duo
2459 2278 2613 2317 Franco·

279 2337 292 2372 i
316 2336 518 2372 ediderunt:

207 2337 279 2382 gau
434 2391 611 2437 Fleury:
651 2388 831 2423 Sa-Paul
854 2395 887 2423 el
915 2388 1088 2435 Se'neqne.
1138 2389 1237 2422 Paris
1257 2393 1355 2422 1853.
1401 2392 1438 2433 (2
1456 2387 1559 2433 Bde.)

434 2447 668 2482 Aubertin:
694 2444 812 2480 Etude
835 2445 987 2490 critique
1010 2458 1075 2480 sm·
1099 2445 1150 2480 les
1173 2448 1348 2490 rapports
1370 2445 1548 2489 supposes
1571 2449 1674 2479 entre
1699 2442 1863 2489 Se'neque
1886 2449 1920 2479 et
1946 2443 2135 2481 Sn-Panl.
2177 2448 2277 2482 Paris
2297 2454 2394 2482 1857.

431 2501 531 2537 Idem
554 2501 740 2537 dicendum
765 2507 817 2537 est
841 2501 885 2537 de
909 2502 1028 2537 multis
1051 2502 1119 2536 illis
1144 2500 1463 2543 dissertationibus,
1488 2509 1575 2543 quas
1599 2505 1847 2534 commemorat
1870 2500 2044 2536 Teuffel
2068 2503 2105 2536 in
2129 2502 2278 2538 historia
2296 2503 2494 2540 litterarum
2518 2505 2615 2541 Lati-

208 2570 332 2595 narum
358 2559 430 2604 (ed.
453 2559 499 2593 11.
529 2558 672 2602 Lipsiae
693 2559 797 2599 1872)
821 2568 853 2601 p.
878 2563 943 2592 616
963 2567 1036 2601 sqq.
1084 2558 1195 2601 Quem
1219 2565 1302 2590 vero
1328 2555 1486 2590 libellum
1511 2555 1555 2589 de
1579 2555 1714 2590 Seneca
1737 2565 1829 2590 anno
1854 2557 2014 2600 proximo
2038 2556 2144 2593 Ienae
2171 2557 2304 2594 editum
2335 2569 2414 2595 esse
2437 2570 2460 2595 a
2482 2561 2617 2604 collega

208 2615 360 2661 quodam
385 2612 519 2658 accepi,
543 2613 620 2648 eius
643 2622 688 2648 ne
712 2612 835 2648 titulus
859 2612 999 2657 quidem
1024 2612 1110 2647 mihi
1134 2616 1237 2647 notus
1261 2617 1322 2647 est.

431 2668 688 2712 Dollinger:
714 2668 950 2704 Heidemhum
976 2668 1053 2702 und
1073 2667 1303 2703 Jndentlemn.
1351 2668 1588 2712 Regensburg
1606 2672 1705 2703 1857.

430 2725 667 2759 Hausrath:
706 2724 1068 2758 Neutestamentliche
1094 2722 1380 2769 Zeitqeseleiclete.
1429 2723 1512 2767 (Bd.
1528 2723 1573 2756 11.
1620 2723 1833 2766 Heidelberg
1852 2727 1965 2767 1872.)

430 2779 483 2815 Le
506 2784 620 2816 comte
643 2779 666 2814 J
673 2779 805 2824 oseph
834 2780 883 2815 de
907 2779 1109 2815 Maistre:
1148 2777 1293 2815 Soire'es
1317 2778 1362 2814 de
1387 2778 1735 2825 Sufficiat-boum.-
1767 2779 1867 2814 cuius
1890 2780 1971 2814 libri
1995 2776 2272 2825 ingeniosissimi
2290 2783 2450 2818 versione
2469 2782 2618 2818 Germa-

209 2836 288 2872 nica
312 2846 397 2872 usus
421 2845 499 2871 sum
522 2844 582 2878 ea,
606 2845 711 2880 quam
736 2836 781 2870 M.
805 2835 938 2871 Lieber
961 2835 1071 2870 edidit
1093 2834 1317 2871 Francofurti
1341 2837 1387 2870 ad
1412 2835 1457 2870 M.
1484 2840 1579 2871 1824.

431 2892 474 2927 E.
496 2902 528 2928 v.
551 2891 759 2928 Lasaulx:
787 2891 937 2928 Studien
962 2891 1026 2928 des
1049 2891 1266 2928 classi-selaeu
1290 2891 1520 2929 Alterthums.
1569 2891 1801 2938 Regensburg
1819 2898 1915 2929 1854

432 2948 735 2984 Friedlander:
774 2948 1053 2995 Darstellnnqen
1079 2960 1147 2984 ans
1170 2949 1236 2983 der
1260 2948 1580 2996 Sittenqeschichte
1601 2948 1722 2983 Roms.
1771 2950 1838 2983 Th.
1857 2950 1921 2984 111.
1957 2951 2104 2996 Leipzig
2123 2957 2219 2986 1871.

431 3003 671 3039 Auberlen:
707 3003 776 3039 Die
798 3004 969 3050 qffttliclee
995 3003 1256 3052 Offenbarunq.
1306 3012 1324 3041 2
1349 3005 1435 3041 Bde.
1476 3005 1580 3041 Base}
1606 3009 1704 3040 1861.
1731 3011 1829 3043 1864.

432 3058 606 3096 Hasler:
651 3058 761 3096 Ueber
784 3060 852 3096 das
882 3059 1107 3098 Verluzltniss
1129 3061 1195 3097 der
1218 3060 1447 3097 loeidnischen
1471 3060 1549 3096 und
1569 3060 1799 3096 christlichen
1824 3061 1945 3098 Ethilc.
1995 3063 2171 3099 Munchen
2193 3069 2289 3099 1866.

433 3113 618 3151 Grosch:
656 3115 722 3151 Die
746 3115 963 3153 Sittenlelere
986 3118 1049 3153 des
1072 3117 1225 3165 Epictet.
1274 3116 1527 3162 Wernigerode
1555 3122 1652 3153 1867.

433 3170 457 3205 S
465 3170 603 3215 piess:
639 3172 758 3217 Logos
782 3174 1028 3218 spermaticos.
1074 3174 1220 3220 Leipzig
1241 3180 1336 3210 1871.

431 3225 645 3262 Uhlhorn:
684 3227 758 3263 Der
782 3228 927 3275 Kompf
944 3230 1006 3264 des
1033 3229 1316 3264 Cleristenthnms
1340 3231 1404 3263 mit
1428 3230 1506 3263 dem
1534 3228 1781 3264 Heidentlmm.
1831 3230 2004 3274 stuttgart
2028 3237 2123 3264 1874.
