3085 3679
1367 227 1415 268 21

162 358 304 415 rviam
334 364 593 403 monstraret
611 358 722 412 ¹⁶⁸),
757 357 916 411 dignus
951 358 1140 412 profecto
1175 359 1365 414 videtur,
1400 360 1523 402 cuius
1557 359 1689 402 libros
1719 358 1950 411 diligenter
1983 359 2180 412 legamus
2215 362 2276 411 et,
2310 371 2421 412 quae
2456 361 2603 405 insunt

189 443 291 473 vere
313 431 448 488 dicta,
471 432 645 488 penitus
668 429 827 473 animis
848 429 1146 485 mentibusque
1169 432 1328 475 nostris
1350 429 1725 484 mandemus.²⁶⁴)

188 620 243 645 me
266 620 408 647 causam
432 612 520 647 dico.
568 611 658 647 Cum
682 609 859 645 sublatum
882 619 903 645 e
926 615 1117 656 conspectu
1141 612 1260 648 lumen
1285 616 1339 648 est
1361 616 1397 647 et
1419 611 1588 648 conticuit
1611 620 1702 647 uxor
1724 609 1832 645 moris
1855 610 1924 645 mei
1946 610 2016 646 iam
2039 610 2196 653 conscia,
2227 614 2341 647 totum
2364 610 2458 646 diem
2484 619 2600 647 meum

191 672 329 703 scrutor
350 669 513 712 factaque
538 678 580 703 ac
601 667 697 702 dicta
719 675 799 701 mea
821 666 996 701 remetior.
1034 667 1132 702 Nihil
1155 669 1242 702 mihi
1264 670 1340 714 ipse
1366 669 1562 711 abscondo,
1584 669 1674 706 nihil
1696 671 1870 702 trameof‘

415 726 497 769 168)
527 723 580 760 Of.
604 722 685 759 adn.
712 727 789 758 161.
812 724 885 768 (ep.
910 729 940 765 8,
965 724 1013 767 8.)
1036 733 1091 768 ep.
1115 730 1174 767 51,
1201 730 1261 760 13:
1298 724 1465 767 „Proice‚
1496 734 1727 770 quaecunque
1756 732 1818 760 cor
1843 728 1944 759 tuum
1968 723 2116 765 laniant,
2149 734 2239 767 quae
2273 724 2304 758 si
2332 723 2437 758 aliter
2459 724 2599 759 exn-ahi

188 780 389 824 nequirent,
418 790 481 817 cor
507 780 622 825 ipsum
646 788 727 814 cum
749 777 820 814 illis
842 778 1081 814 revellendum
1104 784 1212 815 erat“
1257 780 1324 817 His
1346 780 1391 816 cf.
1416 790 1506 825 quae
1529 780 1661 826 scripta
1689 784 1773 816 sunt
1799 779 1837 814 in
1866 789 1957 815 novo
1979 783 2189 815 testamento
2211 778 2293 825 (Ev.
2316 778 2442 816 matth.
2466 786 2497 823 5,
2522 783 2598 826 29):

188 839 260 881 „Et
282 837 324 873 δὲ
348 835 368 874 ὃ
393 835 590 884 ὀφθαλμός
613 846 682 871 σου
706 834 726 870 ὁ
751 834 870 875 δεξιὸς
891 836 1119 877 σκανδαλίζει
1143 848 1201 879 σε,
1227 838 1325 878 ἔξελε
1349 836 1464 874 αὐτὸν
1487 839 1549 872 καὶ
1573 836 1661 881 βάλε
1685 835 1762 872 ἀπὸ
1787 837 1896 872 σοῦ.“
1922 857 1965 863 -
1989 836 2069 872 Nat.
2093 841 2228 880 quaest.
2244 835 2332 879 VII,
2358 843 2420 879 32,
2447 844 2485 873 1:
2521 838 2600 879 „Ad

187 893 394 937 sapientiam
421 888 499 938 quis
522 891 682 928 accedit?
713 890 792 935 quis
817 890 960 936 dignam
983 891 1129 935 iudicat,
1159 893 1228 929 nisi
1251 904 1355 937 quam
1385 893 1422 928 111
1450 893 1601 929 transitu
1631 893 1792 928 noverit?
1822 893 1901 937 quis
1923 892 2182 937 philosophiam
2212 897 2274 927 aut
2305 892 2416 928 ullum
2448 893 2598 929 liberale

186 949 329 995 respicit
363 949 563 986 studium?“
609 946 699 983 Aliis
734 947 821 983 locis
857 946 1103 993 philosophiae
1140 950 1295 985 studium
1331 950 1485 985 salutare
1520 949 1649 984 dicitur
1683 949 1793 993 (ibid.
1818 949 1885 984 lv.
1919 948 2029 992 praef.
2055 951 2120 992 14)
2153 949 2247 992 iique
2281 949 2599 993 reprehenduntur,

187 1007 262 1050 qui,
285 1016 364 1042 cur
385 1006 422 1042 in
445 1005 502 1041 his
525 1004 629 1040 terris
652 997 822 1047 vivant,
846 1013 929 1040 non
953 1005 1308 1049 considerantes,
1332 1005 1514 1042 inutilibus
1534 1005 1645 1047 rebus
1666 1010 1807 1050 tempus
1822 1009 1940 1041 terant
1963 1004 2024 1049 (de
2040 1003 2163 1040 brevit.
2179 1005 2271 1040 vitae
2289 1011 2341 1048 13,
2361 1007 2417 1050 1);
2442 1005 2487 1041 de
2503 1007 2597 1041 brev.

186 1062 244 1097 vit.
263 1070 316 1105 14,
334 1070 372 1098 1:
408 1062 504 1105 „Soli
527 1061 682 1096 omnium
706 1059 809 1095 otiosi
833 1066 930 1103 sunt,
955 1061 1015 1105 qui
1039 1062 1232 1106 sapientiae
1255 1064 1294 1107 (i.
1318 1072 1348 1097 e.
1371 1072 1508 1097 morum
1532 1062 1784 1108 emendationi)
1809 1065 1952 1096 vacant:
1978 1061 2068 1096 soli
2090 1061 2265 1096 vivunt“
2287 1061 2343 1106 (cf.
2361 1062 2443 1097 ibid.
2467 1064 2496 1107 ς.
2517 1065 2595 1106 14):

187 1123 256 1153 nat.
281 1124 416 1163 quaest.
439 1118 494 1154 III
517 1116 627 1163 praef.
653 1122 819 1152 10—17:
844 1117 958 1163 „Quid
974 1118 1201 1163 praecipuum
1226 1119 1262 1153 in
1285 1118 1393 1154 rebus
1416 1118 1579 1154 humanis
1602 1119 1680 1154 est?
1705 1128 1777 1153 non
1800 1116 1976 1154 classibus
1997 1118 2109 1154 maria
2131 1119 2323 1164 complesse
2347 1130 2412 1156 nec
2435 1121 2472 1155 in
2496 1121 2595 1156 rubri

185 1174 290 1211 maris
315 1175 418 1212 litore
448 1174 550 1220 signa
572 1173 693 1210 fixisse
717 1183 782 1211 nec
805 1173 989 1211 deficiente
1014 1173 1059 1210 ad
1084 1174 1230 1211 iniurias
1253 1180 1349 1211 terra
1373 1175 1409 1210 in
1429 1184 1562 1211 oceano
1586 1174 1708 1220 ignota
1732 1178 1975 1218 quaerentem,
2009 1174 2072 1210 sed
2095 1175 2211 1210 animo
2233 1175 2351 1211 omnia
2379 1175 2524 1219 vidisse,
2548 1180 2593 1215 et.

185 1242 268 1281 qna
292 1233 428 1269 maior
449 1231 573 1268 nulla
595 1231 788 1266 victoria
810 1235 892 1275 est,
915 1231 1000 1268 vitia
1017 1232 1203 1269 domuisse.
1236 1231 1515 1268 Innumerabiles
1531 1235 1627 1274 sunt,
1651 1231 1711 1276 qui
1727 1230 1893 1277 populos,
1917 1232 1978 1276 qui
2002 1230 2108 1268 nrbes
2130 1231 2328 1269 habuerunt
2350 1232 2386 1268 in
2409 1238 2593 1278 potestate,

185 1290 401 1333 paucissimi,
434 1289 494 1333 qui
524 1298 571 1323 se.
609 1307 654 1313 —
692 1287 785 1331 Quid
817 1293 872 1323 est
900 1288 1152 1332 praecipuum?
1188 1289 1324 1332 erigere
1355 1288 1510 1323 animum
1542 1297 1650 1332 supra
1683 1288 1797 1323 minas
1832 1293 1869 1323 et
1902 1289 2076 1334 promissa
2111 1288 2288 1331 fortunae,
2324 1287 2413 1323 nihil
2447 1289 2592 1334 dignum

186 1346 282 1382 illam
313 1346 444 1382 habere
474 1350 617 1391 putare,
646 1343 741 1388 quod
774 1353 904 1389 speres.
938 1363 982 1372 —
1018 1344 1110 1389 Quid
1140 1349 1194 1380 est
1222 1345 1473 1390 praecipuum?
1508 1353 1613 1389 posse
1649 1344 1743 1379 laeto
1778 1345 1894 1379 animo
1930 1345 2079 1380 adversa
2106 1344 2277 1380 tolerare:
2307 1344 2470 1389 quicquid
2499 1346 2588 1381 acci·

184 1402 288 1445 derit,
320 1402 370 1438 sic
400 1402 509 1444 ferre,
541 1400 641 1445 quasi
671 1400 825 1435 volueris
855 1400 919 1435 tibi
949 1400 1118 1438 accidere.
1153 1422 1198 1427 -—
1234 1400 1327 1446 Quid
1356 1406 1410 1436 est
1438 1400 1691 1445 praecipuum?
1726 1401 1875 1436 Animus
1904 1397 2028 1436 contra
2062 1401 2279 1436 calamitates
2307 1401 2408 1437 fortis
2439 1407 2475 1436 et
2505 1411 2587 1436 con-

185 1463 323 1500 tumax,
346 1457 506 1495 luxuriae
529 1467 603 1493 non
627 1456 796 1492 adversus
813 1461 964 1500 tantum,
989 1456 1051 1493 sed
1070 1457 1234 1500 infestus,
1258 1468 1323 1494 nec
1346 1457 1471 1493 avidus
1493 1457 1641 1502 periculi
1663 1467 1728 1493 nec
1752 1456 1875 1502 fugax,
1900 1457 1961 1502 qui
1983 1456 2073 1492 sciat
2090 1458 2268 1493 fortunam
2288 1467 2360 1493 11011
2375 1461 2590 1503 exspectare,

185 1516 246 1549 sed
270 1515 402 1557 facere,
433 1520 470 1550 et
492 1514 661 1549 adversus
684 1518 869 1557 utramque
892 1514 1088 1559 intrepidus
1111 1515 1385 1559 inconfususque
1408 1513 1566 1559 prodire,
1595 1524 1660 1550 nec
1689 1514 1785 1550 illius
1815 1514 1969 1550 tumultu
1998 1524 2063 1550 nec
2090 1512 2197 1550 huius
2227 1513 2365 1559 fulgore
2395 1523 2590 1559 percussus.

185 1592 227 1597 —
257 1572 349 1615 Quid
379 1578 434 1607 est
464 1571 716 1615 praecipuum?
752 1569 832 1603 Non
856 1570 1041 1604 admittere
1071 1571 1108 1604 in
1140 1571 1256 1604 animo
1280 1571 1373 1604 mala
1395 1570 1557 1611 consilia,
1580 1580 1689 1614 puras
1712 1570 1757 1603 ad
1781 1570 1917 1604 caelum
1941 1580 2067 1604 manus
2089 1572 2279 1613 extollere,
2304 1571 2438 1605 nullum
2458 1571 2589 1606 bonum

183 1635 318 1673 petere,
343 1628 452 1672 quod,
483 1632 523 1662 ut
547 1627 592 1661 ad
614 1632 651 1661 te
674 1631 846 1668 transeat,
877 1628 1006 1670 aliquis
1029 1628 1114 1661 dare
1138 1627 1257 1668 debet,
1292 1627 1420 1670 aliquis
1443 1627 1619 1667 amittere,
1655 1631 1794 1670 optare,
1830 1626 1924 1670 quod
1949 1627 2024 1661 sine
2049 1627 2250 1661 adversario
2275 1632 2432 1671 optatur,
2462 1628 2589 1662 bonam

183 1690 349 1728 mentem,
384 1689 503 1721 cetera
531 1692 658 1729 magno
691 1682 876 1720 aestimata
905 1682 1128 1726 mortalibus,
1157 1683 1294 1720 etiamsi
1317 1683 1396 1728 quis
1419 1682 1562 1719 domum
1591 1693 1695 1719 casus
1725 1682 1907 1725 adtulerit,
1940 1683 1990 1718 sic
2019 1682 2164 1725 intueri,
2199 1684 2300 1727 quasi
2331 1684 2484 1725 exitura,
2519 1694 2588 1728 qua

183 1745 362 1777 venerunt.
398 1760 441 1769 —
478 1740 570 1786 Quid
602 1745 656 1776 est
686 1740 939 1785 praecipuum?
978 1739 1080 1774 Altos
1108 1748 1217 1785 supra
1245 1740 1392 1775 fortuita
1422 1739 1566 1785 spiritus
1594 1739 1736 1782 tollere,
1772 1738 1923 1775 hominis
1952 1739 2168 1783 meminisse,
2204 1743 2260 1783 ut,
2297 1739 2369 1776 sive
2397 1738 2483 1776 felix
2510 1740 2590 1777 eris.

182 1799 288 1840 scias,
318 1797 385 1832 hoc
415 1808 485 1832 non
516 1798 673 1835 futurum
702 1797 779 1839 diu,
810 1797 883 1832 sive
914 1796 1053 1840 infelix,
1083 1797 1174 1831 scias
1197 1801 1232 1831 te
1255 1795 1323 1831 11οο
1347 1805 1418 1830 11011
1441 1805 1535 1835 esse,
1565 1796 1595 1831 si
1619 1805 1691 1830 non
1714 1800 1829 1841 putes.
1852 1815 1895 1822 —
1919 1796 2013 1841 Quid
2036 1801 2091 1832 est
2113 1796 2368 1842 praecipuum?
2404 1797 2446 1832 In
2468 1797 2588 1842 primis

183 1855 289 1890 labris
321 1855 474 1890 animam
504 1853 646 1890 habere.
693 1854 793 1889 Haec
823 1863 880 1888 res
909 1852 1017 1888 efficit
1046 1863 1117 1888 non
1141 1863 1161 1887 e
1184 1853 1261 1888 iure
1285 1852 1472 1896 Quiritium
1501 1852 1669 1894 liberum,
1701 1853 1764 1887 sed
1788 1863 1807 1887 e
1831 1853 1907 1887 11110
1938 1858 2096 1888 naturae.
2141 1853 2255 1888 Liber
2283 1858 2402 1888 autem
2431 1859 2498 1896 est,
2529 1854 2587 1898 qui

184 1912 385 1947 servitutem
409 1921 509 1947 suam
533 1911 666 1955 effugit.
691 1932 735 1939 —
759 1910 833 1945 Sibi
859 1910 990 1945 servire
1014 1909 1221 1954 gravissima
1245 1914 1299 1945 est
1322 1909 1519 1953 servitus“3
1543 1909 1595 1944 cf:
1612 1908 1656 1944 de
1680 1909 1793 1944 benef.
1808 1909 1892 1952 Vll,
1920 1917 1957 1952 1,
1983 1916 2012 1945 7.

410 1969 492 2012 164)
515 1966 787 2013 vituperatores
809 1967 938 2003 multos
962 1967 1157 2003 recentiore
1180 1972 1296 2002 aetate
1320 1966 1444 2002 habuit
1466 1965 1601 2002 Seneca
1623 1965 1681 2010 (cf.
1704 1965 1881 2003 Holzherr
1903 1967 1986 2003 diss.
2003 1967 2031 2002 I.
2053 1977 2087 2012 p.
2111 1972 2130 2001 5
2146 1968 2248 2012 sqq.).
2295 1967 2374 2012 Quo
2397 1967 2432 2002 in
2456 1976 2588 2012 genere

182 2028 237 2059 est
252 2022 416 2066 Schiller,
434 2024 494 2068 qui
510 2034 547 2059 m
563 2033 660 2067 eum,
677 2033 781 2068 quem
798 2033 904 2070 supra
920 2023 1017 2070 (adn.
1037 2025 1119 2068 145)
1143 2023 1468 2066 demonstravimus,
1491 2022 1620 2058 librum
1641 2022 1742 2068 larga
1762 2033 1868 2059 manu
1889 2023 2082 2069 congessit,
2107 2023 2274 2068 quicquid
2295 2027 2331 2059 et
2352 2023 2429 2060 iure
2451 2024 2586 2060 crimini

181 2081 231 2113 illi
254 2080 401 2114 vertitur
417 2084 453 2112 et
474 2080 613 2113 iniuria.
648 2081 763 2114 Multo
783 2081 913 2114 rectius
936 2079 1023 2113 mihi
1047 2079 1187 2121 quidem
1211 2079 1351 2112 videtur
1373 2083 1528 2112 statuere
1551 2078 1709 2111 Boehm
1732 2079 1770 2111 in
1793 2089 1836 2112 eo
1858 2079 1996 2119 libello,
2020 2080 2080 2121 qui
2104 2079 2324 2112 inscribitur:
2351 2079 2392 2112 L.
2409 2082 2584 2114 Annaeus

183 2131 320 2172 Seneca
343 2131 421 2171 und
441 2133 519 2171 sein
552 2132 675 2172 Werth
706 2135 801 2173 auch
827 2135 897 2182 fiir
927 2148 1036 2171 unsre
1061 2133 1149 2171 Zeit.
1185 2135 1307 2170 Berlin
1334 2142 1432 2170 1856.
1478 2136 1516 2171 Is
1544 2137 1638 2170 enim
1667 2141 1708 2170 ut
1737 2137 1878 2170 minime
1908 2141 2070 2178 excusat,
2103 2147 2194 2178 quae
2226 2138 2463 2179 improbanda
2496 2144 2587 2177 sunt,

180 2193 230 2229 ita
257 2195 353 2229 recte
384 2191 485 2235 dicit,
515 2191 545 2229 si
569 2192 648 2238 quis
671 2200 743 2230 non
766 2191 885 2238 inique
915 2191 1071 2229 iudicare
1094 2190 1195 2235 velit,
1225 2190 1259 2227 ei
1285 2194 1322 2228 et
1343 2189 1388 2227 de
1419 2189 1566 2228 diversis
1598 2190 1754 2228 Senecae
1784 2189 1963 2228 aetatibus
1993 2189 2133 2229 diverso
2163 2190 2268 2228 modo
2299 2191 2525 2229 iudicandum
2548 2198 2584 2229 et

181 2249 268 2284 illud
291 2248 482 2283 tenendum
505 2258 599 2291 esse,
623 2249 670 2284 ab
694 2249 836 2284 homine
859 2248 1011 2293 quodam
1035 2256 1186 2292 nequam
1209 2247 1360 2292 plurima
1383 2255 1520 2289 eorum,
1545 2256 1634 2291 quae
1659 2247 1692 2282 ei
1715 2247 1992 2293 exprobrantur,
2016 2257 2094 2284 esse
2115 2249 2275 2284 conficta.

979 2501 1782 2583 Corrigenda:

661 2645 694 2679 p.
731 2641 759 2670 1.
783 2634 862 2670 adn.
884 2641 913 2670 1.
937 2646 966 2670 v.
987 2641 1015 2670 1.
1039 2634 1206 2679 scriptum
1231 2636 1285 2668 est
1307 2632 1519 2678 explicator,
1543 2632 1769 2669 scribendum
1794 2636 1848 2669 est
1870 2633 2079 2678 explicatur.

669 2719 688 2735 ,,
726 2699 758 2727 4.
937 2719 956 2734 „
980 2696 1012 2726 9.
1104 2717 1123 2733 „
1240 2716 1260 2732 „
1307 2688 1564 2724 investitationi
1622 2715 1641 2731 ,.
1791 2715 1811 2731 „
1869 2689 2143 2736 investigationi.

735 2777 754 2792 ‚,
800 2777 819 2790 „
877 2756 909 2785 9.
932 2777 951 2791 „
976 2756 1007 2784 8.
1102 2787 1104 2789 ,
1234 2773 1253 2789 ,,
1299 2748 1491 2785 credilmus
1622 2774 1641 2789 „
1791 2774 1809 2788 „
1868 2746 2097 2783 credidimus.

681 2833 700 2848 „
736 2812 766 2843 6.
934 2833 952 2848 ,,
979 2812 1009 2842 6.
1103 2831 1122 2847 ,,
1237 2829 1256 2845 ,,
1305 2803 1489 2852 ἀόριστος
1620 2830 1639 2844 ,.
1790 2829 1808 2843 ,-
1869 2801 2049 2850 ἀόρατος.

681 2891 700 2905 „
716 2870 768 2900 10.
929 2891 949 2905 „
975 2869 1002 2898 1.
1096 2889 1115 2904 ,‚
1232 2888 1251 2903 „
1296 2861 1514 2898 incommodis
1617 2888 1637 2903 „
1788 2888 1807 2903 „
1866 2861 2111 2898 incommodis.

680 2947 700 2962 „
715 2926 767 2956 15.
791 2947 810 2963 „
826 2926 899 2956 122.
922 2948 941 2963 „
968 2926 996 2954 1.
1021 2923 1101 2954 ante
1126 2917 1269 2953 Homini
1292 2917 1391 2953 deest
1413 2922 1443 2952 ⁶⁶.
