3085 3679
1559 259 1585 299 2

362 391 563 446 opinione
587 392 633 434 in
657 391 816 437 animis
839 392 1148 446 Romanorum,
1180 406 1234 435 ex
1258 406 1343 447 quo
1373 393 1549 436 assidue
1570 391 1868 448 philosophiae
1892 393 2087 437 Graecae
2109 408 2284 450 operam
2307 395 2413 439 dare
2435 396 2682 450 coeperant,
2704 393 2775 437 vel

360 463 528 506 minuta
565 464 636 506 vel
670 477 848 519 prorsus
883 462 1149 518 exstincta²)
1185 470 1228 508 et
1261 466 1317 508 de
1343 454 1537 508 'moribus
1572 479 1719 508 eorum
1750 465 2001 520 depravatis
2032 467 2310 521 accipiantur.
2368 468 2474 511 Cum
2511 467 2626 511 enim
2658 465 2776 522 apud

362 534 554 578 Graecos
578 535 668 578 alia
690 535 1041 592 philosophorum
1065 535 1298 592 disciplina
1322 539 1560 593 excepisset
1581 538 1715 581 aliam
1738 550 1819 580 nec
1839 543 1983 580 tamen
2006 538 2098 579 ulla
2120 538 2166 580 id
2189 540 2303 594 quod
2325 554 2476 584 verum
2498 544 2565 584 est
2588 539 2776 595 reperire

361 607 590 663 potuisset,
624 608 716 652 fieri
748 622 834 651 non
869 608 1025 663 potuit,
1056 609 1160 664 quin
1184 610 1308 653 multi
1331 610 1386 654 de
1410 624 1513 654 vero
1544 610 1805 655 inveniendo
1828 624 2002 666 prorsus
2027 610 2310 666 desperantes
2334 627 2426 668 eas,
2460 625 2569 669 quas
2593 625 2621 655 a
2643 612 2774 655 maio-

361 678 480 723 ribus
503 685 776 735 acceperant,
800 681 855 723 de
878 681 948 723 dis
968 682 1196 735 opiniones
1219 697 1394 736 prorsus
1418 683 1651 727 abicerent.

585 753 725 807 Atque
743 754 875 796 etiam
898 754 1010 798 inter
1027 755 1244 799 Romanos
1268 755 1457 810 fuerunt,
1481 756 1554 810 qui
1571 757 1823 811 popularem
1843 756 2093 810 religionem
2111 769 2240 810 quam
2258 758 2445 801 maxime
2463 758 2776 814 impugnarent.

362 824 505 868 Veluti
530 825 576 868 Ρ.
601 826 828 870 Lucretius
851 824 988 871 Carus
1017 828 1207 872 carmine
1231 828 1319 872 odii
1349 829 1394 872 in
1426 829 1609 873 usitatas
1636 834 1946 885 perceptasque
1970 828 2237 883 cognitiones
2268 830 2444 874 deorum
2468 828 2773 887 plenissimo⁸)

360 897 592 953 Epicurum
617 899 797 941 summis
816 899 1019 943 laudibus
1042 902 1208 944 extulit.
1243 901 1348 944 Cum
1369 902 1483 944 enim
1512 902 1724 954 „humana
1749 901 1839 943 vita
1862 900 1987 944 foede
2011 901 2171 944 iaceret
2195 915 2402 958 oppressa
2424 904 2549 958 gravi
2574 902 2653 947 sub
2676 904 2773 947 reli-

358 970 532 1024 gione“,
556 985 639 1025 quo
664 973 874 1015 vocabulo
899 978 1027 1028 poeta
1050 976 1124 1016 ille
1148 976 1354 1016 usitatum
1379 975 1555 1017 deorum
1582 976 1739 1016 cultum
1766 974 1994 1028 significat,
2025 988 2123 1015 eum
2149 975 2277 1016 istam
2302 976 2554 1029 religionem
2579 976 2774 1019 obterere

359 1056 513 1086 ausum
562 1050 605 1088 et
651 1051 810 1089 natura
856 1048 1167 1101 perscrutanda
1214 1048 1268 1094 de
1313 1061 1471 1102 genere
1525 1048 1712 1090 humano
1760 1047 2057 1100 immortaliter
2108 1061 2204 1090 esse
2249 1049 2446 1091 meritum
2494 1049 2772 1105 praedicavit.

360 1115 410 1168 (1.
434 1131 472 1157 v.
497 1117 707 1171 62—79.)
767 1118 854 1161 Sed
890 1132 945 1161 ne
981 1119 1083 1173 quid
1120 1119 1187 1162 his
1224 1120 1426 1162 laudibus
1462 1121 1653 1162 invidiae
1682 1125 1757 1161 aut
1788 1120 1979 1162 criminis
2008 1119 2188 1174 subiret,
2224 1122 2450 1164 Lucretius
2473 1121 2581 1165 baec
2605 1123 2772 1178 putavit

356 1189 586 1232 adicienda
623 1189 697 1244 (ib.
722 1206 761 1233 V.
787 1194 840 1233 80
854 1190 983 1246 sqq.):

924 1265 1039 1307 Illud
1064 1265 1107 1307 in
1132 1265 1198 1306 his
1223 1265 1351 1307 rebus
1375 1279 1536 1319 vereor,
1560 1279 1614 1307 ne
1639 1266 1746 1307 forte
1771 1266 1908 1308 rearis

922 1339 1061 1392 Impia
1085 1343 1127 1380 te
1152 1339 1332 1381 rationis
1357 1339 1466 1382 inire
1493 1340 1706 1381 elementa
1729 1338 1929 1390 viamque

919 1409 1152 1462 Indugredi
1178 1411 1370 1462 sceleris,
1395 1410 1508 1463 quod
1531 1415 1678 1453 contra
1703 1409 1878 1464 saepius
1903 1409 1979 1452 illa

925 1481 1132 1536 Religio
1169 1483 1372 1538 peperit
1411 1483 1678 1525 scelerosa
1715 1486 1875 1536 atque
1912 1482 2072 1537 impia
2107 1482 2268 1526 facta.

582 1552 688 1596 Eius
725 1554 786 1597 rei
821 1555 1065 1610 exemplum
1097 1561 1321 1610 postquam
1346 1554 1617 1611 Iphigeniam
1642 1554 1812 1598 Dianae
1837 1554 1893 1597 ab
1921 1554 2244 1608 Agamemnone
2268 1560 2499 1598 mactatam
2523 1556 2685 1611 attulit,
2710 1557 2771 1600 sic

355 1623 570 1667 exclamat
594 1624 650 1686 (v,
673 1623 796 1680 101):

978 1700 1195 1742 Tantum
1222 1700 1409 1753 religio
1434 1700 1606 1753 potuit
1630 1699 1851 1741 suadere
1876 1700 2142 1741 malorum.

580 1771 723 1815 Possit
747 1771 905 1826 aliquis
927 1785 1020 1826 eos,
1056 1786 1162 1827 quos
1191 1773 1335 1827 attuli,
1366 1785 1516 1815 versus
1546 1772 1608 1816 ita
1639 1772 1929 1827 interpretari,
1961 1776 2007 1815 ut
2032 1772 2276 1815 Lucretium
2313 1772 2477 1814 solam
2514 1773 2768 1828 supersti-

355 1842 546 1885 tionem
585 1844 771 1887 evellere
809 1857 861 1887 ex
899 1844 1117 1888 hominum
1153 1845 1311 1888 animis
1336 1846 1523 1888 voluisse
1547 1845 1675 1888 dicat.
1733 1844 1820 1888 Sed
1843 1844 1958 1899 quod
1987 1844 2101 1887 idem
2125 1848 2253 1900 poeta
2277 1844 2454 1887 deorum
2476 1849 2618 1888 mente
2639 1849 2768 1900 atque

355 1918 522 1960 ratione
546 1929 714 1959 omnem
738 1917 943 1960 mundum
968 1917 1264 1960 administrari
1289 1922 1332 1960 et
1355 1918 1447 1971 regi
1478 1922 1607 1971 atque
1638 1916 1694 1959 ab
1722 1916 1886 1959 eisdem
1911 1917 2129 1959 hominum
2152 1916 2270 1959 vitae
2294 1916 2459 1958 consuli
2484 1921 2527 1959 et
2551 1917 2767 1971 provideri

353 1990 552 2045 negavit:
585 2002 732 2032 nonne
756 1991 880 2033 multi
905 1991 998 2033 iure
1022 1991 1223 2033 videntur
1247 1991 1348 2033 inde
1372 1990 1616 2045 collegisse,
1641 2004 1737 2032 eum
1773 1990 1969 2032 nullam
2000 1989 2210 2032 deorum
2244 1989 2543 2043 opinionem
2574 1989 2768 2033 fecisse

353 2064 487 2115 reliq
496 2079 523 2104 u
532 2077 609 2104 am
623 2063 646 2103 ‘2

578 2134 676 2177 Non
701 2134 853 2177 eodem
877 2134 1010 2177 animi
1035 2135 1189 2178 ardore
1214 2141 1342 2189 atque
1367 2135 1610 2188 Lucretius,
1646 2134 1723 2178 sed
1758 2134 1942 2177 audacia
1974 2133 2136 2176 maiore
2168 2133 2248 2176 fuit
2272 2132 2316 2176 C.
2339 2133 2507 2177 Plinius
2531 2131 2767 2186 Secundus,

352 2206 560 2249 historiae
586 2207 797 2249 naturalis
823 2206 1014 2261 scriptor.
1073 2207 1115 2249 Is
1139 2207 1254 2250 enim
1287 2221 1383 2249 cum
1415 2207 1490 2249 diu
1521 2208 1785 2261 multumque
1809 2206 1965 2249 litteris
1988 2219 2163 2260 operam
2187 2205 2398 2259 dedisset,
2422 2204 2534 2247 hunc
2557 2205 2655 2248 tulit
2681 2209 2766 2248 stu—

351 2281 519 2323 diorum
544 2280 745 2333 fructum,
771 2285 817 2321 ut
843 2280 985 2321 nullos
1009 2279 1113 2322 deos
1137 2294 1232 2323 esse
1258 2279 1340 2322 sibi
1364 2280 1656 2335 persuaderet.
1715 2279 1900 2333 Solum,
1937 2279 2092 2339 inquit,
2129 2282 2324 2321 certum
2357 2283 2456 2331 est,
2491 2277 2626 2320 nihil
2651 2291 2766 2321 esse

352 2353 483 2395 certi
518 2365 610 2394 nec
646 2352 921 2407 quicquam
958 2352 1206 2395 miserius
1241 2352 1447 2396 homine
1488 2351 1593 2405 (nat.
1618 2351 1715 2395 hist.
1740 2355 1778 2407 2,
1803 2351 1889 2406 25).

576 2423 799 2467 Eiusmodi
823 2438 925 2468 vero
949 2425 1187 2468 doctrinam
1219 2430 1424 2480 quantam
1456 2425 1543 2467 vim
1575 2423 1777 2467 habuisse
1810 2423 2078 2467 censebimus
2101 2423 2159 2466 ad
2183 2422 2398 2466 hominum
2424 2421 2592 2465 animos
2614 2421 2766 2477 depra-

350 2498 535 2552 vandos,
573 2498 608 2541 si
634 2497 805 2552 quidem
832 2498 888 2552 is,
926 2499 998 2552 qui
1035 2498 1139 2542 deos
1174 2512 1260 2541 non
1298 2498 1451 2552 credit,
1474 2497 1582 2541 nihil
1606 2497 1752 2551 habet,
1783 2512 1866 2553 quo
1890 2511 1918 2541 a
1940 2495 2161 2553 peccando
2184 2493 2488 2539 deterreatur?
2529 2493 2764 2538 Luculento

350 2572 430 2615 hoe
473 2569 669 2625 probavit
709 2571 901 2625 exemplo
938 2569 982 2615 C.
1017 2571 1261 2625 Petronius,
1297 2571 1335 2614 is
1369 2571 1440 2625 qui
1476 2571 1593 2626 apud
1630 2572 1862 2626 Neronem,
1897 2583 1925 2614 a
1960 2584 2044 2626 quo
2078 2573 2251 2626 propter
2287 2566 2501 2612 eruditum
2537 2567 2686 2612 luxum
2722 2571 2765 2611 et

350 2643 573 2689 scientiam
598 2643 865 2698 voluptatum
889 2643 1203 2698 elegantiarum
1227 2642 1389 2687 arbiter
1411 2648 1658 2700 assumptus
1682 2648 1792 2696 erat,
1822 2642 2092 2698 aliquamdiu
2116 2640 2259 2698 gratia
2282 2639 2435 2685 floruit.
2454 2637 2494 2696 ⁴)
2553 2638 2637 2694 Qui
2669 2652 2764 2685 cum

348 2717 482 2760 vitam
518 2716 609 2760 fere
644 2716 748 2759 solis
784 2714 1035 2760 libidinibus
1064 2716 1255 2760 deditam
1291 2716 1482 2771 degisset
1500 2714 1553 2771 ⁵),
1590 2717 1824 2761 Pisoniana
1859 2715 2171 2769 coniuratione,
2207 2715 2328 2758 cuius
2363 2714 2455 2770 ipse
2485 2712 2628 2757 affinis
2660 2718 2766 2769 erat,

348 2788 566 2844 patefacta
589 2792 815 2844 postquam
842 2801 888 2832 se
911 2802 1078 2844 quoque
1104 2789 1260 2844 capitis
1283 2789 1534 2833 damnatum
1569 2789 1623 2832 iri
1660 2789 1890 2844 intellexit,
1926 2793 1971 2833 ut
2008 2800 2192 2844 poenam
2222 2790 2530 2839 anteverteret,
2564 2786 2658 2842 ipse
2683 2785 2764 2829 sibi

574 2923 611 2966 2)
645 2921 724 2955 Huc
748 2921 942 2967 pertinent,
966 2931 1055 2967 quae
1081 2922 1175 2968 apud
1199 2922 1337 2956 Livium
1362 2922 1544 2967 leguntur:
1579 2922 1646 2965 ul,
1671 2928 1724 2964 20,
1750 2928 1790 2957 5:
1827 2922 1896 2957 Sed
1920 2921 2077 2956 nondum
2100 2921 2222 2962 haec,
2258 2930 2366 2964 quae
2391 2931 2502 2955 nunc
2526 2925 2646 2955 tenet
2669 2929 2763 2955 sae·

347 2978 508 3018 culum,
534 2978 816 3021 neglegentia
834 2978 954 3013 deum
973 2984 1135 3021 venerat;
1156 2979 1201 3020 X,
1216 2985 1269 3020 40,
1287 2986 1338 3013 ιο.
1364 2979 1503 3014 Iuvenis
1527 2983 1632 3013 ante
1657 2979 1906 3013 doctrinam
1930 2978 2035 3013 deos
2058 2983 2342 3022 spernentem
2367 2977 2761 3012 natus.—-Evenerat

346 3035 470 3080 igitur,
495 3034 590 3078 quod
608 3038 815 3069 eventurum
835 3043 913 3070 esse
933 3033 989 3069 his
1013 3035 1128 3070 verbis
1148 3035 1235 3070 Cato
1256 3035 1465 3070 vaticinatus
1488 3039 1586 3069 erat:
1612 3033 1709 3078 „Hoc
1733 3039 1820 3078 puta
1843 3039 1957 3070 vatem
1981 3033 2130 3070 dixisse:
2163 3033 2451 3079 Quandocunque
2475 3033 2545 3070 ista
2567 3043 2655 3078 gens
2679 3042 2761 3069 suas

345 3090 482 3126 litteras
503 3089 620 3131 dabit,
644 3090 762 3124 omnia
785 3095 1018 3134 corrumpet-‚⁴⁴
2115 3131 2122 3136 Ι

570 3147 608 3190 3)
632 3145 698 3182 His
721 3145 838 3182 verbis
863 3145 959 3191 apud
983 3146 1188 3183 Ciceronem
1213 3146 1273 3192 (de
1299 3151 1370 3182 nat.
1392 3146 1488 3182 deor.
1513 3145 1546 3187 1,
1576 3152 1626 3189 14,
1647 3147 1708 3191 36)
1733 3145 1772 3182 C.
1797 3145 1954 3183 Velleius
1978 3145 2175 3192 Epicureus
2199 3145 2326 3188 utitur,
2351 3155 2420 3191 quo
2444 3144 2523 3182 loco
2547 3153 2680 3188 eorum,
2703 3143 2763 3189 qui

345 3208 428 3239 ante
452 3203 646 3249 Epicurum
667 3203 827 3247 fuerunt,
852 3202 1142 3249 philosophorum
1165 3213 1350 3239 censuram
1374 3203 1455 3249 agit.

570 3261 610 3303 4)
633 3258 744 3295 Tacit.
767 3259 812 3295 ab
836 3269 911 3296 exc.
935 3259 968 3295 d.
1014 3261 1104 3305 Aug.
1129 3259 1234 3303 XVI,
1262 3266 1313 3296 18.

570 3310 608 3359 5⁶)
633 3315 745 3350 Tacit.
767 3316 835 3350 ib.:
874 3316 951 3358 „llli
974 3316 1050 3350 dies
1073 3326 1138 3360 per
1159 3326 1336 3359 somnum,
1362 3327 1433 3351 uox
1456 3316 1583 3351 officiis
1607 3322 1643 3351 et
1665 3317 1930 3351 oblectamentis
1955 3316 2047 3351 vitae
2071 3315 2361 3360 transigebatur-⁴¹.
