3085 3679
1578 239 1604 279 6

377 372 529 413 facit.
575 373 631 414 Et
651 373 688 414 si
708 373 805 426 quis
822 385 977 426 specus
995 373 1113 416 saxis
1132 372 1304 426 penitus
1323 372 1466 414 exesis
1485 376 1672 413 montem
1693 371 1982 426 suspenderit,
2000 384 2088 414 non
2104 385 2237 417 manu
2256 375 2413 429 factus,
2435 373 2512 417 sed
2530 369 2798 416 naturalibus

378 445 523 486 causis
548 445 593 486 in
613 450 781 487 tantam
798 445 1024 488 laxitatem
1048 448 1297 498 excavatus,
1322 444 1546 486 animum
1571 449 1712 486 tuum
1736 444 1957 498 quadam
1982 444 2265 497 religionis
2289 447 2593 502 suspicione
2615 456 2795 501 per-cu-

377 517 517 559 tiet.“
539 516 610 568 Μ)
641 517 749 560 Cum
773 518 842 570 iis,
866 530 977 569 quae
1000 517 1127 559 modo
1147 517 1287 570 attuli,
1310 517 1533 570 aptissime
1557 529 1610 558 ea
1627 516 1761 558 verba
1779 515 1962 558 conferri
1980 520 2096 569 puto,
2113 530 2227 570 quae
2245 518 2585 573 Xenophonteus
2601 517 2798 560 Socrates

378 589 511 631 faeit²
524 588 584 642 ⁸):
617 584 672 629 ‘O
695 586 771 630 τὸν
795 585 900 629 ὅλον
923 583 1088 640 κόσμον
1112 583 1361 629 συντάττων
1382 580 1527 629 τεκαὶ
1551 585 1752 639 συνέχων,
1779 584 1825 628 ἐν
1849 578 1884 641 ᾧ
1911 582 2056 627 πάντα
2080 585 2195 629 καλὰ
2219 588 2293 630 καὶ
2319 584 2472 644 ἀγαθά
2496 587 2602 636 ἐστι,
2629 586 2704 629 καὶ
2729 582 2799 628 ἀεὶ

377 659 459 713 μὲν
480 659 724 719 χρωμένοις
748 656 908 717 ἀτριβῆ
926 674 974 702 τε
998 657 1072 701 καὶ
1096 653 1198 715 ὑγιᾶ
1215 657 1290 701 καὶ
1315 654 1516 716 ἀγήρατα
1542 657 1759 715 παρέχων,
1786 658 1954 700 θᾶττον
1978 656 2028 700 δὲ
2053 655 2272 715 νοήματος
2296 656 2612 719 ἀναμαρτήτως
2631 655 2797 717 ὑπήρε-

380 735 560 781 τοῦντα,
596 728 725 784 οὗτος
749 733 803 775 τὰ
826 733 1012 789 μέγιστα
1042 731 1122 785 μὲν
1153 727 1360 787 πράττων
1385 728 1564 786 ὁρᾶται,
1597 728 1704 773 τάδε
1734 731 1783 773 δὲ
1816 728 2058 783 οἰκονομῶν
2089 727 2296 788 ἀόριστος
2328 730 2432 790 ἡμῖν
2463 733 2593 777 ἐστιν.
2639 727 2797 774 Ἑννόει

379 802 432 853 δ’,
460 804 529 847 ὅτι
553 806 627 848 καὶ
651 802 675 847 ὁ
700 809 812 846 πᾶσι
837 802 1032 859 φανερὸς
1056 804 1199 844 δοκῶν
1223 797 1335 844 εἶναι
1362 800 1486 859 ἥλιος
1510 799 1588 844 οὐκ
1613 802 1846 858 ἐπιτρέπει
1870 806 1964 853 τοῖς
1989 799 2253 859 ἀνθρώποις
2278 802 2434 847 ἑαυτὸν
2458 803 2649 864 ἀκριβῶς
2673 800 2794 862 ὁρᾶν,

379 874 489 926 ἀλλ’,
516 876 594 921 ἐάν
616 894 683 930 τις
709 874 843 921 αὐτὸν
867 873 1060 928 ἆναιδιῢς
1084 875 1258 933 ἐγχειρῇ
1282 879 1506 923 θεᾶσθαι,
1543 874 1622 932 τὴν
1659 870 1769 931 ὄψιν
1804 871 2076 933 ἀφαιρεῖται.
2128 876 2218 920 Καὶ
2242 878 2344 929 τοὺς
2375 875 2596 937 ὑπηρέτας
2629 877 2678 922 δὲ
2712 879 2797 920 τῶν

378 954 497 992 θεῶν
521 947 722 1009 εὑρήσεις
746 949 936 1008 ἀφανεῖς
961 945 1104 1000 ὄντας·
1130 949 1338 1006 κεραυνός
1370 964 1416 991 τε
1446 948 1529 1004 γὰρ
1562 947 1631 991 ὅτι
1661 949 1740 1002 μὲν
1771 944 1948 991 ἄνωθεν
1983 945 2187 1005 ἀφίεται,
2229 950 2376 1006 δῆλον,
2415 951 2489 994 καὶ
2526 950 2613 1000 ὅτι,
2651 945 2719 1001 οἷς
2742 945 2797 993 ἷὶν

378 1021 544 1081 ἐντύχῃ,
572 1021 750 1067 πάντων
773 1027 938 1080 κρατεῖ,
977 1021 1138 1079 ὁρᾶται
1163 1018 1201 1065 δ’
1225 1016 1314 1064 οὔτ’
1342 1020 1481 1064 ἐπιών
1504 1017 1605 1064 οὕτε
1637 1019 1929 1078 κατασκήψας
1963 1016 2066 1065 οὔτε
2097 1017 2259 1064 ἀπιών·
2291 1023 2366 1066 καὶ
2391 1019 2546 1078 ἄνεμοι
2570 1021 2696 1067 αὐτοὶ
2717 1022 2797 1076 μὲν

380 1092 459 1150 οὐχ
484 1092 689 1154 ὁρῶνται,
718 1091 748 1140 ἃ
772 1097 820 1141 δὲ
845 1099 1044 1144 ποιοῦσι,
1080 1093 1252 1151 φανερὰ
1292 1090 1394 1150 ἡμῖν
1428 1093 1535 1143 ἐστι,
1573 1094 1646 1138 καὶ
1682 1092 1956 1152 προςιόντων
1990 1091 2136 1138 αὐτῶν
2173 1092 2501 1152 αἰσθανόμεθα.
2551 1093 2683 1139 Ἀλλὰ
2712 1094 2796 1153 μὴν

379 1171 452 1214 καὶ
479 1167 728 1228 ἀνθρώπου
753 1187 800 1227 γε
827 1166 960 1226 ψυχή,
998 1167 1038 1225 ἥ,
1073 1165 1201 1225 εἴπερ
1232 1185 1275 1210 τι
1306 1167 1379 1210 καὶ
1412 1162 1521 1211 ἄλλο
1545 1170 1633 1210 τῶν
1657 1165 1967 1224 ἀνθρωπίνων,
2000 1171 2077 1211 τοῦ
2099 1166 2232 1212 θείου
2255 1169 2447 1223 μετέχει,
2476 1169 2544 1213 ὅτι
2567 1170 2646 1225 μὲν
2667 1173 2795 1224 βασι-

378 1241 497 1286 λεύει
522 1242 568 1286 ἕν
593 1240 707 1300 ἡμῖν,
749 1240 955 1300 φανερόν,
996 1238 1156 1298 ὁρᾶται
1193 1240 1241 1284 δὲ
1279 1236 1374 1284 οὐδ’
1413 1237 1537 1298 αὐτή.
1576 1235 1633 1282 Ἃ
1661 1240 1758 1298 χρὴ
1798 1243 2162 1283 κατανοοῦντα
2195 1243 2264 1297 μὴ
2301 1246 2664 1301 καταφρονεῖν
2697 1243 2797 1284 τῶν

379 1312 646 1373 ἀοράτων,
690 1312 807 1359 ἀλλ’
848 1314 903 1358 ἐκ
945 1317 1043 1357 τῶν
1078 1313 1403 1370 γιγνομένων
1438 1313 1529 1370 τὴν
1565 1310 1790 1367 δύναμιν
1829 1310 1998 1356 αὐτῶν
2033 1314 2516 1367 καταμανθάνοντα
2548 1318 2706 1369 τιμᾶν
2740 1313 2796 1356 τὸ

379 1385 681 1443 δαιμόνιον.
700 1389 769 1443 ²⁴)

596 1468 675 1509 Est
694 1474 839 1510 autem
860 1467 967 1509 deus
986 1466 1059 1508 ille
1077 1479 1104 1508 a
1114 1480 1136 1508 e
1146 1472 1161 1508 t
1171 1480 1194 1508 0
1204 1480 1259 1507 rn
1271 1481 1297 1507 ιι
1308 1480 1346 1519 s;
1367 1478 1467 1507 nam
1486 1479 1581 1507 eum
1600 1466 1744 1507 omnia
1762 1465 2014 1519 interierint,
2032 1467 2125 1520 ipse
2143 1466 2310 1519 integer
2330 1467 2520 1509 manebit
2533 1468 2550 1492 ²
2561 1467 2615 1520 ⁵),
2639 1481 2663 1509 o
2673 1481 2712 1508 m
2722 1467 2795 1509 ni-

379 1539 667 1597 potensff),
703 1538 941 1583 omnibus
977 1539 1109 1580 locis
1146 1537 1396 1592 adest²⁷),
1432 1537 1609 1580 omnia
1645 1535 1839 1591 scit²⁸),
1873 1537 1935 1580 ita
1966 1538 2156 1592 quidem,
2194 1543 2261 1592 ut,
2298 1551 2579 1593 quaecunque
2604 1539 2796 1582 homines

380 1614 584 1666 cogitant,
617 1627 763 1656 eorum
785 1613 893 1655 nihil
917 1609 1190 1664 ignoret²⁹)‚
1226 1616 1367 1653 totus
1402 1615 1467 1652 est
1504 1608 1747 1662 1·ati0³⁰),
1784 1610 1948 1652 omnis
1983 1612 2179 1653 erroris
2216 1609 2511 1665 expers31),
2548 1611 2796 1654 absoluta

379 1686 580 1729 virtute
628 1681 1014 1740 praeditiis⁸²)‚
1058 1680 1533 1735 sanctissimusssss),
1576 1682 1723 1725 nulla
1766 1696 1818 1725 re
1855 1681 2077 1736 eget⁸⁴),
2116 1683 2206 1726 sed
2241 1688 2493 1738 perpetua
2531 1684 2796 1726 felicitate

380 1757 678 1811 fruitur.³⁵)

610 1948 672 1990 22)
698 1945 926 1991 Sapientia
950 1945 1006 1979 dei
1030 1945 1134 1979 etiam
1159 1944 1237 1978 aliis
1262 1944 1346 1978 locis
1372 1942 1552 1985 laudatum
1578 1943 1620 1977 cf.
1645 1942 1688 1976 de
1713 1953 1807 1986 prov.
1833 1943 1858 1976 I.
1883 1943 1927 1978 de
1952 1943 2068 1979 benef.
2094 1944 2155 1985 lv,
2180 1951 2232 1979 23.

607 2003 666 2046 23)
691 2000 886 2036 Memorat».
910 2000 971 2042 lv,
996 2005 1027 2042 3,
1055 2006 1094 2034 13
1112 2010 1185 2044 sqq.

611 2060 671 2102 24)
695 2059 760 2092 His
785 2057 940 2092 Socratis
964 2057 1082 2090 verbis
1107 2057 1142 2090 in
1167 2061 1317 2089 mentem
1342 2055 1447 2089 uobis
1478 2059 1702 2094 revocantur,
1733 2064 1823 2097 quae
1848 2055 1979 2090 Paulus
2004 2056 2185 2101 apostolus
2209 2056 2246 2090 in
2270 2056 2420 2101 epistola
2443 2057 2488 2091 ad
2513 2056 2692 2092 Romanos
2715 2056 2797 2090 data

378 2115 428 2157 (Ι,
455 2116 516 2156 20)
540 2114 698 2157 scripsit:
741 2114 795 2147 Τὰ
828 2113 899 2158 γὰρ
924 2110 1065 2158 ἀόρατα
1090 2112 1202 2147 αὐτοῦ
1227 2111 1302 2147 ἀπὸ
1327 2115 1475 2149 κτίσεως
1499 2108 1641 2155 κόσμου
1666 2115 1740 2149 τοῖς
1764 2110 1941 2156 ποιήμασι
1974 2111 2158 2158 νοούμονα
2189 2115 2406 2159 καθορᾶται,
2435 2112 2454 2155 ἤ
2480 2125 2516 2147 ιε
2542 2113 2659 2149 αΐδιος
2684 2112 2796 2146 αὐτοῦ

380 2166 538 2217 δύναμις
561 2172 622 2205 καὶ
646 2165 798 2214 θειότης.

607 2229 667 2268 25)
691 2226 759 2269 Ep.
785 2231 814 2266 9,
843 2231 893 2258 16.

608 2283 668 2323 26)
692 2280 770 2316 Ηο0
793 2281 928 2325 colligit
951 2281 1128 2316 Holzherr
1156 2281 1256 2325 (diss.
1281 2279 1305 2315 1.
1332 2291 1365 2322 p.
1388 2281 1470 2322 101)
1499 2290 1544 2313 ex
1568 2278 1624 2313 his
1648 2278 1801 2313 Senecae
1832 2279 1947 2314 verbis
1969 2282 2040 2323 (ep.
2066 2286 2119 2320 31,
2148 2282 2206 2323 10)
2241 2280 2364 2322 „Deus
2387 2280 2447 2314 ille
2470 2281 2643 2314 maximus
2673 2286 2794 2323 poten-

383 2337 609 2382 tissimusque
640 2337 715 2382 ipse
748 2336 843 2372 vehit
872 2337 1017 2373 omnia“.
1058 2337 1292 2382 Quamquam,
1324 2334 1360 2370 id
1389 2335 1483 2379 quod
1508 2345 1595 2380 pace
1628 2335 1776 2371 dixerim
1800 2336 1866 2371 viri
1889 2335 2096 2378 doctissimi,
2126 2336 2211 2371 mihi
2241 2336 2382 2380 quidem
2411 2346 2482 2371 non
2511 2335 2650 2371 videtur
2673 2345 2717 2370 ex
2741 2336 2795 2371 his

382 2393 499 2428 verbis
524 2402 714 2438 apparere,
738 2398 905 2427 tantam
929 2393 970 2427 in
996 2393 1072 2426 deo
1096 2401 1194 2427 esse
1219 2391 1474 2436 potentiam,
1499 2396 1544 2426 ut
1568 2391 1676 2425 nihil
1702 2391 1741 2425 ei
1763 2391 1902 2436 possit
1925 2392 2151 2427 resistere.

609 2451 670 2491 27)
694 2449 758 2492 Ep.
783 2455 836 2489 95,
863 2455 923 2482 4T:
955 2449 1114 2491 „Ubique
1137 2453 1279 2491 praesto
1302 2451 1386 2482 est:⁴

607 2506 666 2547 28)
692 2504 771 2539 Nat.
795 2509 928 2548 quaest.
954 2504 1006 2545 11,
1033 2510 1093 2538 36:
1132 2503 1222 2547 „Dei
1246 2503 1420 2538 divinitati
1443 2512 1546 2538 omne
1569 2513 1737 2547 praesens
1761 2508 1853 2546 est·‘;
1878 2503 1920 2537 cf.
1945 2503 1989 2538 de
2014 2503 2125 2539 benef.
2153 2503 2196 2544 V,
2223 2509 2275 2545 25,
2302 2509 2330 2538 4.
2355 2506 2391 2536 et
2414 2501 2473 2542 IV,
2500 2507 2558 2542 32,
2586 2508 2612 2536 1.

610 2563 670 2603 29)
694 2560 760 2604 Ep.
777 2565 829 2597 83.
854 2567 889 2595 1:
928 2560 1004 2604 „Sic
1028 2565 1123 2595 certe
1147 2559 1332 2594 vivendum
1357 2563 1425 2600 est,
1450 2563 1617 2603 tanquam
1640 2560 1676 2594 in
1700 2564 1890 2602 conspectu
1915 2560 2080 2596 vivamus.
2130 2559 2187 2595 Sic
2211 2558 2454 2603 cogitandum,
2478 2561 2644 2600 tanquam
2669 2558 2794 2602 aliquis

380 2616 416 2650 in
441 2620 564 2660 pectus
588 2615 748 2650 intimum
774 2616 945 2661 inspicere
976 2615 1105 2660 possit:
1137 2620 1173 2649 et
1202 2618 1328 2659 potest.
1376 2614 1467 2659 Quid
1497 2614 1590 2650 enim
1623 2614 1767 2660 prodest
1796 2615 1843 2651 ab
1877 2615 2017 2651 homine
2048 2614 2182 2660 aliquid
2211 2623 2289 2651 esse
2319 2613 2521 2650 secretum?
2568 2612 2691 2649 Nihil
2717 2613 2795 2651 deo

378 2673 547 2706 clusum
572 2677 653 2706 est.
701 2673 899 2715 Interest
917 2672 1073 2707 animis
1096 2671 1261 2706 nostris
1286 2676 1321 2705 et
1344 2670 1697 2714 cogitationibus
1722 2672 1874 2707 mediis
1899 2672 2188 2708 intervenit.“
2216 2692 2257 2698 —
2282 2670 2362 2705 Huc
2384 2669 2539 2714 pertinet
2561 2669 2795 2715 fragmentum

379 2727 486 2769 illud,
517 2727 612 2772 quod
642 2737 686 2761 ex
712 2728 867 2763 Senecae
900 2727 1205 2762 exhortationibus
1235 2727 1442 2762 Lactantius
1471 2726 1595 2771 (instit.
1618 2727 1679 2762 VI.
1704 2729 1764 2770 24)
1787 2728 1956 2762 servavit:
1994 2728 2188 2773 „Magnum
2212 2727 2331 2761 nescio
2354 2725 2438 2770 quid
2460 2725 2660 2769 maiusque,
2691 2736 2795 2770 quam

377 2784 525 2828 cogitari
549 2789 682 2828 potest,
718 2794 849 2818 numen
873 2789 942 2826 est,
979 2784 1035 2818 cui
1072 2784 1221 2817 vivendo
1256 2793 1401 2828 operam
1433 2784 1566 2818 damus.
1613 2783 1704 2818 Huic
1736 2793 1800 2818 nos
1824 2783 2080 2828 adprobemus!
2118 2784 2208 2819 Nam
2237 2781 2325 2817 nihil
2355 2781 2498 2826 prodest
2521 2781 2692 2817 inclusam
2717 2793 2795 2819 esse

379 2840 645 2875 conscientiam:
670 2847 831 2884 patemus
855 2840 952 2874 deof·

609 2896 670 2937 30)
694 2895 774 2931 Nat.
798 2900 923 2939 quaest
946 2895 973 2930 Ι.
997 2895 1085 2939 prol.
1114 2902 1162 2930 14.

606 2954 666 2991 31)
689 2951 743 2985 lb.
768 2951 855 2992 VII,
881 2957 940 2988 29,
965 2958 993 2985 3.

605 3009 667 3050 32)
691 3007 755 3051 Ep.
781 3014 839 3045 92.
864 3013 917 3042 27.

607 3065 670 3108 33)
694 3063 759 3108 Ep.
784 3069 837 3099 87.
863 3070 925 3098 21:
962 3064 1145 3107 „Animus,
1171 3063 1239 3097 nisi
1264 3073 1376 3107 purus
1400 3073 1441 3098 ac
1465 3068 1608 3098 sanctus
1632 3067 1700 3105 est,
1725 3063 1830 3098 deum
1855 3074 1925 3098 non
1950 3063 2073 3108 capit.“
2129 3068 2136 3074 ·

604 3121 666 3163 34)
689 3119 747 3155 De
771 3119 886 3155 11011οῐ.
910 3119 962 3161 ΙΙ,
991 3125 1044 3160 30,
1069 3125 1099 3154 2.
1124 3139 1166 3144 —-
1194 3118 1280 3153 Ibid.
1304 3118 1368 3161 IV,
1392 3125 1422 3161 3,
1448 3125 1487 3154 2:
1513 3118 1575 3162 „In
1599 3119 1716 3155 omnia
1738 3119 1808 3155 illis
1832 3120 1920 3164 (dis)
1944 3125 2072 3155 natura
2095 3130 2160 3154 sua
2182 3117 2312 3154 sufficit
2334 3117 2528 3161 plenosque
2548 3137 2590 3143 —
2609 3124 2795 3162 praestate·

381 3196 423 3201 —
451 3176 542 3211 Ibid.
568 3182 598 3218 9,
628 3183 664 3211 1:
697 3176 798 3217 „Nec
823 3176 882 3211 ille
911 3176 1040 3210 collato
1070 3180 1151 3219 eget
1176 3185 1240 3209 nec
1265 3184 1330 3209 nos
1354 3175 1387 3209 ei
1411 3175 1598 3218 quicquam
1629 3176 1788 3210 conferre
1818 3178 2033 3220 possumus“.
2084 3173 2374 3210 Inviolabiles
2407 3181 2546 3216 quoque
2579 3178 2615 3208 et
2646 3176 2733 3210 tuti
2759 3176 2793 3212 di

378 3232 544 3267 dicuntur
565 3232 670 3277 (ibid.
694 3238 724 3275 3,
751 3235 797 3277 2),
822 3239 862 3267 ut
885 3243 988 3268 nemo
1012 3233 1055 3268 iis
1079 3241 1207 3267 nocere
1232 3232 1343 3276 possit
1364 3231 1467 3274 (ibid.
1494 3230 1576 3273 VII,
1602 3237 1631 3269 7,
1657 3234 1703 3275 3).

608 3290 668 3332 35)
692 3288 758 3333 Ep.
784 3295 836 3330 59,
866 3296 926 3325 18:
964 3288 1077 3330 „illud
1101 3288 1285 3331 gaudium,
1309 3287 1403 3330 quod
1428 3287 1514 3322 deos
1537 3288 1710 3331 sequitur,
1736 3298 1805 3322 non
1830 3288 2111 3332 interrumpitur,
2136 3297 2207 3322 non
2231 3287 2387 3321 desinit.“
