3085 3679
1434 224 1459 263 5

467 355 566 397 Alio
589 354 682 396 loco
699 352 766 408 ¹²)
791 355 957 398 Seneca
984 368 1130 398 eorum
1161 355 1387 397 stultitiam
1411 355 1619 410 exagitat,
1654 355 1728 410 qui
1752 355 1898 397 Iovem
1923 367 1947 396 e
1970 353 2154 396 nubibus
2182 354 2363 397 fulmina
2380 354 2567 397 mittere
2598 367 2650 397 ac

242 443 371 486 saepe
395 440 499 471 suas
523 430 689 468 statuas
711 431 859 481 petere
883 432 925 469 et
948 427 1173 480 sacrilegis
1195 440 1282 469 non
1306 427 1469 481 punitis
1492 427 1692 469 innoxias
1722 427 1910 481 pecudes
1933 427 2062 469 ferire
2086 427 2342 468 existiment.
2387 426 2512 478 Quod
2535 433 2649 481 post-

241 516 369 557 quam
393 513 488 542 cum
512 499 726 541 iustitia
750 499 820 541 dei
845 500 1069 542 concinere
1092 499 1280 552 negavit,
1310 512 1497 553 causam,
1521 513 1596 541 cur
1620 499 1831 541 eiusmodi
1855 513 1925 541 res
1948 499 2218 551 excogitatae
2249 500 2353 553 sint,
2377 499 2488 540 hanc
2510 499 2649 552 affert,

239 574 353 630 quod
382 572 464 625 „ad
486 571 744 614 coercendos
767 571 1059 626 imperitorum
1083 572 1252 614 animos
1274 572 1582 626 sapientissimi
1618 572 1699 614 viri
1734 571 2022 614 iudicaverint
2057 570 2351 613 inevitabilem
2389 576 2567 626 metum,
2603 578 2648 614 ut

240 645 404 700 aliquid
428 656 559 699 supra
583 657 629 686 se
659 643 855 686 homines
878 643 1113 687 timerent.“
1176 644 1292 687 Utile
1316 648 1426 698 erat,
1451 644 1607 698 inquit,
1642 644 1687 686 in
1712 647 1835 686 tanta
1859 643 2046 686 audacia
2070 643 2279 686 scelerum
2304 657 2418 699 esse,
2442 644 2650 688 adversus

240 717 354 774 quod
388 730 513 761 nemo
554 716 635 760 sibi
668 717 774 760 satis
796 720 949 772 potens
979 716 1208 760 videretur.
1264 717 1340 760 Ad
1376 716 1723 761 deterrendos
1758 716 1937 771 itaque
1973 730 2079 768 eos,
2115 715 2303 770 quibus
2340 717 2647 761 innocentia

239 792 344 835 nisi
381 794 517 833 metu
553 804 653 832 non
687 791 879 843 placet,
914 794 1202 843 posuerunt
1237 804 1395 844 supra
1431 794 1584 844 caput
1619 789 1900 843 vindicem,
1937 794 1985 831 et
2020 789 2228 842 quidem
2263 796 2535 832 armatum.

461 862 525 906 Ea
549 875 664 916 ver0,
690 877 801 916 quae
824 876 852 905 a
876 862 1155 906 maiestate
1186 862 1361 906 deorum
1387 861 1636 915 abhorrent,
1660 877 1755 906 cum
1779 876 1865 905 non
1889 862 2026 905 solum
2051 876 2077 904 a
2102 862 2278 916 poetis
2301 862 2419 906 dicta
2442 863 2547 917 sint,
2571 863 2648 906 sed

239 935 369 978 etiam
393 948 420 978 a
445 934 798 990 philosophis,
821 934 1010 989 graviter
1034 933 1199 978 Seneca
1223 935 1267 978 in
1292 935 1522 991 Epicurum
1547 934 1780 990 invehitur,
1808 934 1905 990 „qui
1930 934 2057 977 deum
2084 934 2291 978 inermem
2313 935 2481 991 fecerit,
2505 935 2648 978 omnia

238 1008 301 1050 illi
333 1008 439 1062 tela,
479 1021 647 1050 omnem
684 1008 917 1051 detraxerit
951 1008 1186 1063 potentiam
1223 1014 1284 1064 et,
1318 1022 1374 1051 ne
1410 1009 1607 1063 cuiquam
1644 1008 1901 1051 metuendus
1937 1014 2068 1063 esset,
2104 1008 2225 1050 illum
2262 1009 2489 1063 proiecerit
2526 1014 2648 1051 extra

238 1085 410 1123 metum.
427 1083 441 1106 ¹
454 1078 494 1134 ¹³)
521 1081 715 1122 Eundem
739 1081 966 1135 vituperat,
991 1082 1104 1134 quod
1120 1081 1247 1124 deum
1266 1095 1294 1123 a
1311 1082 1470 1123 mundo
1487 1094 1686 1123 aversum
1705 1080 1812 1123 nihil
1829 1093 1960 1134 agere
1979 1081 2209 1122 contendat
2228 1084 2241 1105 ¹
2254 1078 2306 1133 ⁴),
2331 1082 2443 1134 quod
2464 1082 2646 1123 eundem

237 1157 338 1195 vota
361 1152 567 1194 exaudire
582 1154 593 1177 ¹
609 1150 663 1205 ⁵),
686 1153 800 1207 quod
817 1154 988 1207 generis
1008 1153 1185 1195 humani
1210 1167 1355 1195 curam
1377 1166 1526 1207 gerere
1549 1158 1687 1206 neget.
1701 1151 1767 1206 16)
1805 1154 2035 1194 Praeterea
2053 1153 2157 1195 deos
2183 1154 2425 1195 invidiae
2449 1159 2647 1208 expertes

240 1239 335 1267 esse
356 1225 436 1278 ¹⁷),
467 1224 640 1266 eosdem
665 1225 840 1266 minime
864 1226 979 1266 fumo
1005 1232 1196 1267 extorum
1221 1232 1264 1267 et
1287 1227 1395 1267 turis
1418 1227 1549 1266 odore
1574 1225 1779 1266 delectari
1805 1225 2001 1266 affirmat.
2019 1224 2087 1278 ιΒ)

462 1297 687 1350 Quoniam,
711 1312 818 1350 quas
837 1299 891 1339 de
912 1299 980 1339 dis
1003 1299 1228 1351 opiniones
1247 1299 1412 1340 Seneca
1437 1298 1805 1351 improbandas
1827 1302 2034 1350 putasset,
2059 1299 2346 1351 exposuimus,
2369 1300 2427 1339 ad
2446 1313 2511 1349 ea,
2536 1312 2646 1351 quae

238 1369 343 1424 ipsi
368 1369 598 1423 placent,
624 1371 879 1424 exponenda
902 1371 1143 1424 aggrediar.
1165 1368 1254 1424 181’)
1710 1416 1712 1418 ,

464 1443 572 1486 Esse
597 1443 724 1486 deum
749 1458 844 1486 cum
870 1458 923 1486 ex
947 1459 998 1487 eo
1023 1443 1172 1498 efficit,
1195 1444 1307 1497 quod
1333 1442 1569 1487 omnibus
1593 1443 1647 1486 de
1671 1442 1741 1485 dis
1764 1443 1896 1485 insita
1921 1444 2066 1497 opinio
2091 1445 2145 1486 sit
2166 1448 2177 1470 ¹
2192 1443 2232 1497 9)
2259 1449 2300 1485 et
2325 1444 2438 1498 quod
2463 1444 2647 1498 plurima

238 1516 282 1558 in
308 1515 502 1558 homines
525 1515 733 1558 beneficia
759 1517 1050 1571 conferantur,
1085 1530 1170 1570 qua
1194 1517 1248 1559 de
1274 1531 1318 1559 re
1343 1517 1458 1560 infra
1482 1515 1738 1569 videbimus,
1774 1520 1863 1557 tum
1888 1529 1939 1558 ex
1964 1531 2033 1569 eo,
2069 1517 2181 1569 quod
2213 1517 2399 1558 mundus
2436 1516 2646 1570 sapien—

238 1589 445 1632 tissime
476 1589 531 1632 sit
556 1588 787 1631 institutus.

460 1661 611 1715 Itaque
629 1660 747 1712 deus,
765 1672 1022 1715 quamquam
1043 1661 1204 1704 oculis
1222 1675 1318 1704 non
1339 1659 1748 1716 conspicitur²⁰)‚
1767 1665 1911 1703 tamen
1930 1672 1982 1702 ex
2001 1658 2240 1715 operibus
2259 1659 2537 1714 cognoscitur.
2575 1658 2646 1709 „Si

237 1719 315 1775 tibi
341 1732 612 1787 occurrerit“,
638 1732 776 1786 inquit
797 1731 960 1774 Seneca
978 1733 994 1757 ²
1008 1731 1059 1787 ¹),
1088 1734 1293 1784 „vetustis
1312 1732 1536 1775 arboribus
1555 1737 1597 1775 et
1617 1733 1786 1774 solitam
1811 1732 2083 1774 altitudinem
2103 1732 2289 1787 egressis
2307 1733 2507 1787 frequens
2525 1733 2647 1775 lucus

238 1811 280 1848 et
305 1810 577 1860 conspectum
600 1804 709 1846 caeli
733 1817 949 1847 ramorum
973 1805 1155 1848 aliorum
1188 1806 1298 1848 alios
1326 1806 1638 1860 prot-egentium
1669 1804 1819 1847 umbra
1844 1804 2119 1859 submovens,
2150 1805 2226 1846 illa
2250 1805 2484 1859 proceritas
2509 1805 2645 1848 silvae

238 1883 280 1921 et
305 1883 511 1920 secretum
537 1878 619 1919 loci
646 1882 687 1918 et
711 1877 941 1921 admiratio
966 1877 1143 1920 umbrae
1167 1879 1212 1921 in
1236 1883 1385 1935 aperto
1409 1883 1497 1920 tam
1521 1878 1683 1921 densae
1706 1882 1834 1933 atque
1859 1878 2087 1921 continuae
2111 1877 2129 1918 f
2137 1877 2273 1919 idem
2297 1877 2394 1920 tibi
2419 1878 2646 1921 numinis

238 2098 408 2130 mastosse
439 2107 488 2129 (m
517 2094 587 2129 den
613 2094 764 2139 Mqtleen
793 2095 851 2129 die
880 2094 1072 2129 etkisclcen.
1123 2093 1227 2128 Niclet
1254 2095 1301 2127 im
1333 2093 1471 2128 Numen
1500 2094 1566 2127 det·
1594 2093 1930 2137 (mter-leuelneten)
1966 2093 2138 2137 Vermmf
2135 2097 2166 2133 t,
2203 2093 2362 2127 sondem
2397 2093 2452 2126 im
2485 2092 2546 2126 Na
2554 2103 2645 2126 meu

237 2151 312 2187 des
344 2151 591 2188 Gemissens
623 2151 686 2187 abt
717 2150 852 2186 Plato
884 2150 983 2185 wine
1012 2149 1144 2185 Kricilc.
1201 2148 1261 2185 Sie
1288 2149 1402 2196 haetnqt
1430 2150 1493 2184 mit
1523 2149 1623 2184 einer
1656 2149 1810 2194 tieferen
1836 2148 2036 2184 Kamaniss
2060 2149 2125 2184 der
2156 2147 2336 2183 sitlh'cheu
2364 2146 2648 2193 Grundbeqriffi*

237 2210 475 2245 zusammen.“

463 2268 522 2310 12)
545 2265 624 2300 Nat.
648 2268 782 2308 quaest.
804 2264 855 2305 11,
880 2269 933 2298 42.

464 2324 523 2364 13)
547 2321 601 2354 De
626 2319 742 2354 benef.
762 2319 825 2360 IV,
853 2325 904 2359 19,
931 2327 960 2353 1.
1008 2320 1111 2353 Hunc
1133 2320 1256 2362 igitur,
1281 2318 1409 2361 inquit,
1438 2319 1615 2361 inseptum
1645 2318 1779 2360 ingenti
1809 2317 1960 2360 quodam
1984 2323 2019 2351 et
2043 2317 2281 2360 inexplicabili
2303 2327 2403 2351 muro
2427 2317 2647 2359 divisumque

238 2387 259 2411 a
282 2380 445 2412 contactu
469 2382 506 2412 et
529 2387 551 2412 a
573 2379 764 2421 conspectu
788 2375 988 2410 mortalium
1012 2385 1083 2410 non
1106 2375 1215 2410 habes
1238 2384 1346 2419 quare
1370 2374 1543 2417 verearis3
1566 2375 1663 2410 nulla
1686 2373 1737 2409 ibi
1761 2383 1825 2408 nec
1849 2373 2027 2409 tribuendi
2052 2384 2115 2409 nec
2136 2372 2284 2408 nocendi
2308 2374 2455 2408 materia
2479 2378 2541 2409 est.

465 2434 524 2476 14)
548 2432 604 2466 De
630 2432 747 2467 benef.
771 2431 834 2467 IV.
860 2438 895 2473 4,
923 2438 950 2467 1.

462 2490 523 2532 15)
547 2488 639 2523 Ibid.
662 2487 726 2529 IV,
754 2494 793 2522 19
831 2494 860 2522 2.

466 2547 525 2590 16)
549 2544 640 2579 Ibid.
661 2543 751 2586 VII,
776 2549 835 2585 31,
861 2550 890 2577 3.

468 2603 527 2645 17)
550 2601 617 2645 Ep.
644 2607 697 2643 73,
724 2608 776 2636 15.

466 2658 525 2700 18)
547 2656 603 2691 De
627 2657 741 2692 benef.
765 2656 825 2698 IV,
850 2662 902 2699 25,
930 2663 958 2690 1.

461 2714 544 2756 181³)
566 2713 763 2747 Laudanda
786 2713 819 2746 h.
843 2713 866 2746 l.
895 2716 949 2746 est
979 2711 1194 2746 modestia
1217 2711 1387 2752 Senecae.
1418 2712 1479 2756 qui
1500 2712 1726 2746 Aristotelem
1757 2715 1898 2746 secutus
1933 2720 2173 2754 „nunquam
2202 2721 2277 2746 nos
2307 2712 2649 2747 verecundiores

236 2778 330 2804 esse
367 2767 556 2804 debere“
587 2768 718 2804 scribat
740 2779 891 2812 „quam
919 2779 1009 2803 cum
1039 2768 1088 2802 de
1118 2768 1184 2803 dis
1214 2772 1393 2811 agatur“
1421 2771 1508 2812 (nat.
1533 2774 1667 2812 quaest.
1691 2766 1778 2809 VII,
1805 2774 1864 2809 30.
1892 2769 1937 2811 1).
1967 2788 2012 2793 —
2048 2767 2123 2801 Hac
2155 2778 2294 2812 quoque
2325 2774 2441 2804 aetate
2472 2770 2528 2804 vel
2559 2771 2650 2804 inter

236 2833 312 2867 eos,
348 2824 408 2868 qui
441 2823 671 2859 amantissimi
705 2829 787 2859 sunt
821 2824 998 2861 libertatis
1033 2824 1171 2870 populi,
1210 2824 1449 2867 inveniuntur,
1485 2824 1545 2869 qui
1577 2824 1725 2860 eandem
1761 2823 1969 2859 sententiam
2008 2828 2215 2868 sequantur,
2251 2825 2359 2861 veluti
2394 2825 2568 2861 Henricus
2603 2825 2646 2861 dc

237 2879 463 2921 Treitschke‚
493 2880 553 2923 qui
584 2879 621 2913 in
651 2880 840 2915 annalibus
862 2881 1061 2916 Borussicis
1088 2882 1176 2916 haec
1206 2881 1361 2925 scripsit:
1401 2879 1508 2922 „Wr
1536 2880 1653 2915 haben
1682 2881 1740 2915 ein
1766 2879 1879 2915 Reclat
1909 2890 1953 2915 zu
1981 2880 2157 2926 sordem,
2189 2881 2275 2916 class
2304 2882 2392 2917 tiber
2420 2882 2487 2916 das
2509 2881 2648 2929 Heiliqe·

236 2935 301 2970 mit
324 2934 438 2971 Ernst
460 2935 539 2971 und
559 2935 764 2982 Ehrsurcht
786 2938 1011 2983 yesprochen
1035 2937 1113 2972 und
1134 2937 1191 2972 die
1214 2937 1470 2983 &berlieserten
1494 2936 1653 2971 For-men
1675 2936 1739 2971 des
1761 2935 2043 2972 Kirclaenlebens
2071 2937 2135 2971 mit
2159 2937 2327 2984 Acletvmq
2351 2938 2427 2974 und
2451 2937 2647 2984 Schonuny

236 2990 427 3027 behandelt
451 2991 627 3028 merden‘ss
668 2991 1171 3039 (Evanqelisck-kirclelicher
1194 2993 1373 3040 Anzeiqer
1396 3004 1464 3029 von
1487 2991 1613 3028 Berlin
1638 2993 1738 3028 1876.
1765 2991 1828 3028 Nr.
1848 2993 1904 3028 16.
1931 2991 1967 3028 S.
1988 2994 2065 3028 125.
2068 2997 2090 3038 )

464 3049 523 3092 19)
546 3047 610 3092 Ep.
637 3056 712 3090 117,
738 3055 776 3084 6:
819 3049 932 3091 „Nec
968 3050 1059 3085 ulla
1095 3060 1200 3093 gens
1236 3060 1382 3094 usquam
1418 3055 1472 3084 est
1507 3049 1595 3084 adeo
1631 3055 1733 3084 extra
1767 3050 1865 3094 leges
1901 3059 2086 3094 moresque
2122 3051 2293 3095 proiecta.
2331 3055 2369 3084 ut
2404 3059 2472 3084 non
2508 3050 2644 3095 aliquos

237 3102 323 3139 deos
345 3104 497 3140 credat.“

465 3163 525 3205 20)
551 3162 630 3198 Nat.
655 3168 790 3212 quaest.
813 3162 899 3199 VII.
918 3169 977 3204 30,
998 3170 1035 3197 3:
1062 3162 1163 3206 „Ipse
1188 3183 1247 3204 —‚
1272 3163 1331 3205 qui
1354 3162 1525 3203 condidit,
1550 3163 1611 3205 qui
1632 3168 1746 3197 totum
1771 3163 1837 3197 hoc
1861 3163 2022 3197 fundavit
2046 3184 2105 3203 —‚
2130 3164 2253 3205 effugit
2275 3162 2410 3202 oculos,
2433 3163 2644 3205 cogitatione

238 3213 402 3251 visendus
426 3220 510 3253 est.“
547 3216 600 3255 Cf.
618 3228 709 3264 quae
731 3218 768 3255 in
786 3218 916 3255 'eodem
941 3219 1030 3255 libro
1055 3218 1221 3264 leguntur
1243 3217 1287 3263 (Ι.
1311 3217 1446 3263 prolog.
1467 3218 1543 3262 14):
1580 3217 1644 3261 „ln
1667 3218 1728 3254 illo
1753 3218 1788 3263 (i.
1813 3228 1842 3255 e.
1867 3218 1903 3254 in
1927 3218 2011 3264 deo)
2034 3218 2131 3254 nulla
2153 3228 2235 3263 pars
2259 3222 2359 3253 extra
2382 3217 2536 3253 animum
2561 3222 2644 3254 est‘·

463 3275 524 3318 21)
548 3274 613 3321 Ep.
638 3280 698 3318 41,
723 3279 754 3308 3.
