3085 3679
1395 214 1422 254 9

209 352 490 410 respondent:
513 360 627 391 nunc
649 348 877 402 puerilium
900 347 1095 391 dentium
1119 348 1286 402 lapsus,
1320 360 1434 390 nunc
1471 347 1530 390 ad
1566 351 1811 401 surgentem
1844 346 1930 388 iam
1965 350 2152 388 aetatem
2186 352 2229 388 et
2260 347 2303 388 in
2335 346 2617 389 robustiorem

209 428 390 481 gradum
414 424 708 464 transeuntem
733 419 938 474 pubertas
963 424 1007 462 et
1032 420 1207 461 ultimus
1230 420 1304 462 ille
1329 419 1437 462 dens
1467 419 1658 473 surgenti
1683 419 1883 461 iuventae
1911 418 2139 461 terminum
2170 421 2366 472 ponens.“
2417 419 2616 472 Denique

209 499 295 541 alio
314 490 488 545 100052)
517 491 824 545 „ingratissimi
847 491 1114 537 mortalium“
1145 491 1437 546 appellantur,
1461 492 1534 546 qui
1559 505 1645 535 non
1668 491 1762 544 deo,
1791 491 1867 533 sed
1891 495 2115 534 naturae
2139 504 2186 533 se
2208 489 2365 534 debere
2391 490 2616 534 affirment.

431 566 505 618 At,
544 564 708 617 inquiet
742 564 920 619 aliquis,
955 577 1067 618 quae
1103 567 1170 607 est
1204 564 1289 607 ista
1322 563 1587 618 benignitas,
1621 576 1750 617 quam
1782 567 1828 605 tu
1855 564 1984 617 longa
2009 564 2203 606 oratione
2226 577 2273 606 es
2297 568 2546 618 prosecutus
2563 562 2617 607 in

209 654 345 696 eaque
369 636 628 681 celebranda
644 636 798 679 mirum
817 642 1023 691 quantum
1045 636 1123 680 tibi
1148 638 1319 691 placere
1341 637 1461 680 visus
1485 651 1532 681 es
1544 637 1567 679 ‘?
1602 637 1716 680 Num
1736 636 1919 679 concinit
1938 650 2033 679 cum
2053 650 2126 690 ea,
2150 637 2263 690 quod
2283 637 2390 679 deus
2409 637 2615 691 optimum

209 724 418 770 quemque
442 709 532 753 fere
555 709 733 752 summis
755 709 882 752 malis
905 709 1047 765 afficit,
1070 709 1447 753 sceleratissimum
1477 723 1687 765 quemque
1718 709 1891 764 impune
1922 722 2101 765 peccare
2131 709 2266 753 sinit?
2313 709 2427 752 Num
2451 708 2530 751 hoc
2552 717 2617 751 est

208 784 403 839 benigni,
438 796 539 825 num
574 781 677 824 iusti
711 781 816 825 dei?
864 782 1014 836 Itaque
1039 783 1147 826 scire
1170 783 1320 837 velim,
1362 782 1466 837 quid
1501 781 1701 826 Seneca
1738 782 1793 825 de
1828 781 1908 825 hac
1943 796 1989 825 re
2026 783 2203 837 sentiat,
2244 795 2355 837 quae
2380 796 2466 824 non
2489 781 2616 824 video

210 856 418 914 quomodo
442 856 535 899 eius
559 854 613 898 de
636 854 707 898 dci
732 860 887 898 natura
911 854 1132 899 doctrinae
1156 860 1373 910 congruat.

431 927 627 971 Concedo
650 927 778 970 facile
803 940 874 982 ea,
911 940 1021 982 quae
1056 928 1200 982 attuli,
1236 940 1321 970 non
1358 928 1451 970 sine
1488 927 1636 983 aliqua
1673 928 1816 983 specie
1852 928 1943 971 veri
1978 928 2100 971 obici.
2115 927 2184 982 ⁵³)
2244 929 2307 971 Ac
2331 941 2385 970 ne
2409 927 2616 970 Senecam

209 1002 381 1057 quidem
407 1000 451 1043 id
477 1000 638 1054 effugit.
696 999 802 1043 Eius
826 999 958 1054 igitur
981 999 1089 1043 haec
1111 1004 1175 1043 est
1198 1000 1425 1044 sententia.
2240 1016 2245 1035 ι

432 1073 550 1126 Deus
574 1084 669 1114 cum
693 1071 904 1126 propitius
927 1073 1199 1115 calamitosos
1223 1072 1426 1127 respiciat
1442 1070 1524 1127 ⁵4),
1559 1085 1645 1115 non
1680 1073 1943 1116 censendum
1980 1078 2043 1115 est
2079 1085 2175 1115 eum
2213 1072 2346 1114 bonos
2378 1070 2613 1125 torquendo

213 1146 439 1200 delectari,
469 1144 626 1199 quippe
653 1143 807 1199 quibus
837 1145 1032 1188 amicus
1061 1142 1211 1199 sit-³³⁵),
1240 1144 1492 1199 quibuscum
1516 1146 1917 1188 necessitudine
1941 1149 1982 1189 et
2011 1145 2359 1188 similitudine
2383 1145 2612 1197 coniunga-

209 1217 372 1272 tur-⁸¹⁶),
397 1231 524 1272 quam
548 1217 685 1259 virtus
713 1217 924 1259 conciliat.
981 1218 1131 1271 Itaque
1155 1217 1520 1272 quotienscunque
1544 1217 1677 1261 bonos
1703 1218 1888 1261 adversa
1912 1218 2082 1261 fortuna
2107 1217 2338 1260 conflictari
2361 1216 2615 1269 videbimus,

208 1291 336 1335 (lcum
368 1302 573 1334 accusare
596 1288 852 1333 verebimur.
911 1289 994 1342 Qui
1025 1289 1105 1333 etsi
1130 1301 1204 1332 eos
1229 1289 1274 1332 in
1299 1289 1466 1333 deliciis
1497 1289 1643 1344 habet,
1674 1295 1821 1334 tamen
1850 1290 2099 1345 longissime
2124 1289 2245 1333 abest
2268 1289 2324 1333 ab
2348 1289 2426 1333 tali
2457 1300 2615 1342 amore,

208 1363 350 1419 qualis
374 1363 417 1405 in
443 1362 653 1404 matribus
683 1375 777 1405 esse
810 1364 937 1418 solet,
973 1352 1083 1416 quae
1115 1361 1274 1404 liberos
1308 1363 1354 1404 in
1389 1362 1485 1404 sinu
1521 1362 1683 1417 fovere,
1720 1363 1765 1405 in
1802 1362 1952 1406 umbra
1977 1364 2213 1417 continere,
2248 1374 2467 1416 nunquam
2499 1360 2614 1412 flere,

209 1448 428 1489 nunquam
460 1435 722 1488 contristari,
757 1449 974 1490 nunquam
1005 1434 1203 1476 laborare
1235 1435 1395 1476 volunt.
1413 1433 1481 1487 57)
1540 1434 1578 1475 A
1603 1435 1681 1476 tali
1704 1436 1882 1478 mollitie
1913 1435 2148 1478 abhorrens
2186 1449 2278 1487 eos,
2314 1448 2420 1487 quos
2451 1433 2614 1487 probat,

209 1507 375 1550 fortiter
399 1504 610 1562 amat58),
634 1507 819 1563 indurat,
844 1507 1119 1562 recognoscit,
1144 1504 1406 1562 exercet-⁵⁹),
1432 1507 1545 1549 idem
1565 1508 1728 1550 faciens
1752 1514 1880 1564 atque
1905 1509 2045 1550 severi
2069 1514 2227 1564 patreS,
2250 1508 2322 1562 qui
2340 1507 2450 1549 filios
2467 1505 2616 1547 durius

209 1579 494 1635 educant⁶⁰)‚
529 1594 624 1622 cum
660 1593 734 1621 eos
771 1582 993 1622 exercitari
1030 1580 1178 1622 iubent
1214 1581 1271 1621 ad
1308 1581 1454 1622 studia
1488 1580 1686 1622 obeunda
1722 1587 1905 1636 mature,
1942 1583 2108 1623 feriatis
2138 1595 2303 1636 quoque
2342 1580 2494 1622 diebus
2531 1593 2616 1620 non

208 1652 429 1707 patiuntur
453 1667 549 1696 esse
573 1654 731 1695 otiosos
755 1659 797 1695 et
822 1654 1019 1696 sudorem
1044 1655 1131 1695 illis
1155 1658 1197 1695 et
1222 1653 1435 1694 interdum
1460 1654 1662 1695 lacrimas
1685 1656 1904 1696 excutiunt
1921 1654 2002 1709 61).
2049 1657 2199 1710 Itaque
2224 1656 2331 1696 deus
2356 1654 2495 1706 bonis,
2519 1665 2615 1693 cum

209 1738 284 1766 eos
313 1738 439 1779 quam
475 1725 799 1767 honestissimos
835 1739 930 1768 esse
967 1727 1129 1782 cupiat,
1164 1722 1387 1766 materiam
1426 1725 1602 1780 praebet
1637 1727 1801 1781 aliquid
1832 1728 2023 1769 animose
2054 1728 2301 1782 fortiterque
2326 1725 2527 1777 faciendi,
2558 1723 2616 1764 ad

209 1810 336 1850 quam
373 1811 462 1840 rem
499 1811 606 1853 opus
642 1803 706 1839 est
742 1799 888 1851 aliqua
911 1811 1053 1840 rerum
1072 1797 1417 1852 difficultate62),
1453 1811 1537 1852 qua
1554 1801 1671 1840 velut
1696 1801 1857 1841 stimuli
1881 1787 2162 1847 admoventur
2186 1801 2361 1854 animis,
2391 1799 2616 1841 calamitas

209 1870 322 1910 enim
347 1871 517 1911 virtutis
540 1871 708 1911 occasio
732 1869 891 1921 estssss).

433 1941 719 1993 Quamobrem
743 1942 886 1997 prior
910 1955 1088 1997 causa,
1124 1957 1209 1985 cur
1243 1942 1403 1986 bonos
1438 1948 1524 1985 aut
1559 1944 1695 1985 mala
1730 1944 2041 1987 valetudine
2077 1950 2165 1987 aut
2199 1946 2342 1987 luctu
2374 1949 2460 1986 aut
2491 1942 2616 1985 aliis

435 2148 476 2176 52
519 2141 606 2176 Ibid.
631 2140 693 2182 IV,
719 2148 749 2181 8,
775 2147 805 2175 2.

433 2143 496 2241 533
519 2197 622 2231 Cotta
644 2196 876 2232 Academicus
900 2196 994 2241 apud
1019 2196 1225 2232 Ciceronem
1248 2196 1292 2231 de
1317 2200 1388 2232 nat.
1412 2197 1507 2232 deor.
1530 2197 1595 2241 111,
1620 2203 1675 2241 32,
1701 2204 1760 2233 79:
1800 2199 1967 2241 „Telamo
1997 2203 2114 2234 autem
2144 2208 2215 2233 uno
2239 2208 2342 2234 versu
2365 2199 2479 2233 locum
2504 2202 2614 2233 totum

214 2253 370 2296 conficit,
395 2263 458 2289 cur
482 2252 517 2288 di
540 2251 700 2288 homines
724 2252 929 2297 neglegant:

785 2318 875 2354 Nam
899 2319 929 2354 si
952 2323 1090 2362 curent,
1114 2318 1203 2354 bene
1230 2319 1334 2354 bonis
1359 2319 1419 2363 sit,
1444 2320 1534 2356 male
1558 2321 1674 2363 malis,
1697 2321 1791 2366 quod
1815 2333 1908 2358 nunc
1932 2322 2040 2358 abest.

211 2386 400 2421 Debebant
423 2386 475 2420 illi
499 2385 640 2430 quidem
672 2394 793 2419 omnes
823 2385 937 2420 bonos
967 2385 1122 2429 efficere,
1147 2387 1186 2421 ⁴si
1215 2386 1355 2430 quidem
1386 2386 1566 2422 hominum
1597 2389 1719 2433 generi
1748 2389 1987 2424 consulebant.
2034 2389 2095 2424 Sin
2119 2388 2155 2423 id
2186 2389 2315 2431 minus,
2346 2389 2448 2424 bonis
2478 2389 2619 2433 quidem

209 2446 304 2476 certe
329 2442 512 2476 consulere
536 2440 745 2475 debebant.“

434 2498 495 2541 54)
518 2497 572 2532 De
596 2497 695 2532 clem.
719 2495 764 2538 11,
791 2502 821 2539 6,
846 2502 877 2531 3.

432 2554 495 2597 55)
519 2552 576 2587 De
600 2561 696 2597 prov.
724 2558 753 2595 1,
778 2556 809 2585 5.

437 2609 500 2651 56)
522 2607 612 2642 Ibid.

433 2664 494 2707 57)
517 2662 608 2698 Ibid.
634 2669 672 2705 2,
697 2669 726 2697 6.

436 2719 498 2763 58)
520 2717 609 2756 Ibid.

436 2777 494 2818 59)
518 2774 605 2808 Ibid.
629 2782 660 2816 4,
685 2781 716 2809 ε.

434 2832 495 2874 60)
517 2830 610 2865 Ibid.
636 2837 665 2873 1,
692 2837 722 2865 5.

431 2886 491 2930 61)
515 2884 603 2920 Ibid.
623 2890 696 2929 2,5.
722 2905 765 2912 —
789 2887 838 2922 Cf.
857 2894 887 2931 4,
908 2895 967 2926 11:
993 2888 1137 2931 „Hanc
1160 2889 1307 2934 itaque
1330 2888 1540 2925 rationem
1565 2888 1606 2925 di
1630 2895 1879 2934 sequuntur
1902 2892 1945 2927 in
1969 2892 2100 2930 bonis
2124 2894 2248 2936 viris,
2274 2904 2397 2938 quam
2421 2895 2462 2931 in
2485 2896 2616 2931 disci-

207 2940 327 2984 pulis
350 2941 443 2976 suis
466 2946 793 2987 praeceptores,
817 2943 889 2987 qui
911 2945 1011 2989 plus
1036 2945 1201 2981 laboris
1224 2945 1278 2981 ab
1302 2945 1357 2980 iis
1380 2945 1578 2990 exigunt,
1602 2946 1646 2981 in
1668 2947 1828 2990 quibus
1853 2948 2021 2984 certior
2045 2959 2145 2995 spes
2168 2954 2276 2985 est.·‘

435 2999 495 3042 62)
519 2997 608 3032 Ibid,
633 3004 669 3040 4,
694 3003 725 3032 5.

430 3054 491 3097 63)
513 3052 605 3089 Ibid.
629 3060 660 3096 4,
686 3060 715 3090 6.
738 3071 783 3080 -
809 3053 859 3090 cf.
884 3059 915 3096 3,
943 3061 982 3089 3:
1018 3055 1137 3097 „Inter
1158 3056 1269 3092 multa
1295 3055 1482 3100 magnifica
1509 3056 1682 3092 Demetrii
1710 3059 1823 3094 nostri
1852 3064 1889 3095 et
1917 3060 2006 3096 haec
2034 3071 2103 3096 vox
2129 3066 2197 3104 est,
2230 3072 2251 3096 a
2280 3071 2350 3105 qua
2376 3070 2499 3096 recens
2522 3071 2609 3096 sum.

207 3105 316 3142 Sonat
338 3108 454 3145 adhuc
478 3113 514 3144 et
536 3109 651 3145 vibrat
678 3110 716 3145 in
745 3109 893 3146 auribus
916 3111 1020 3147 meis:
1052 3110 1157 3155 nihil,
1185 3112 1312 3157 inquit,
1342 3111 1428 3147 mihi
1455 3111 1594 3147 videtur
1615 3112 1791 3150 infelicius
1821 3124 1881 3159 eo,
1916 3116 1974 3152 cui
2002 3116 2089 3152 nihil
2123 3127 2277 3162 unquam
2311 3116 2427 3152 evenit
2461 3115 2608 3152 adversi.

208 3161 288 3196 Non
310 3162 410 3199 licuit
431 3165 525 3200 enim
548 3165 600 3201 illi
623 3176 661 3201 se
684 3166 870 3211 experiri.“
919 3166 971 3203 Cf.
996 3174 1032 3211 4,
1059 3174 1098 3212 13
1129 3173 1160 3211 3,
1186 3174 1246 3204 10:
1282 3168 1393 3212 „Cum
1422 3168 1556 3211 omnia,
1585 3179 1676 3213 quae
1697 3176 1926 3207 excesserunt
1947 3171 2102 3215 modum,
2126 3177 2289 3215 noceant,
2314 3172 2609 3217 periculosissima

205 3216 380 3254 felicitatis
401 3219 673 3267 intemperantia
696 3227 758 3258 est
797 3244 840 3249 —
875 3223 1004 3268 Quidni
1027 3225 1137 3260 satius
1172 3225 1218 3260 sit
1252 3229 1458 3270 perpetuam
1492 3224 1734 3261 infelicitatem
1766 3227 1936 3263 advocata
1965 3228 2093 3263 virtute
2127 3229 2300 3264 sustinere
2331 3238 2436 3273 quam
2462 3229 2608 3265 infinitis

206 3276 312 3317 atque
335 3273 530 3311 immodicis
553 3277 655 3313 bonis
677 3279 793 3324 rumpi
804 3280 842 3313 ‘2⁶⁶
