3085 3679
1553 259 1603 299 12

358 394 532 432 rectae
556 390 825 432 voluntati
851 390 1028 433 studet
1046 389 1128 444 ⁸⁵).
1169 391 1389 442 „Voltisne
1413 390 1579 445 vos⁸⁶)‚
1603 391 1742 445 inquit
1763 392 1881 446 apud
1895 392 2187 446 Lactantium,
2210 390 2338 433 deum
2363 392 2553 446 cogitare
2577 401 2781 444 mag-num

358 466 401 504 et
423 462 641 516 placidum
667 468 709 507 et
733 464 962 507 maiestate
987 465 1076 507 leni
1100 464 1357 515 verendum,
1394 464 1580 506 amicum
1605 468 1649 507 et
1672 476 1842 518 semper
1873 465 1918 507 in
1937 452 2158 519 proximo,
2193 477 2291 507 non
2327 461 2782 507 immolationibus

359 539 408 576 et
433 537 697 588 sanguine
721 537 883 579 multo
914 536 1188 579 colendum
1212 559 1269 565 -—
1300 549 1431 590 quae
1463 537 1596 579 enim
1629 549 1690 579 ex
1720 537 2089 580 trucidatione
2121 537 2501 580 immerentium
2533 537 2781 590 voluptas

359 607 475 648 est?
511 631 587 661 —-,
628 609 705 650 sed
744 614 914 650 mente
949 622 1081 662 pura
1116 608 1439 660 honestoque
1481 608 1789 663 proposito?
1824 631 1882 637 —
1918 609 1975 651 In
2019 624 2109 652 suo
2151 610 2338 663 cuique
2384 608 2782 650 conservandus

359 683 439 721 est
480 681 738 734 pectore.“

584 752 690 808 Sed,
715 753 830 808 quod
856 754 1040 809 primum
1066 759 1151 808 est,
1182 753 1310 796 deum
1336 753 1551 796 credere
1576 754 1801 807 debemus,
1832 753 1910 795 hoc
1933 758 1998 796 est
2025 752 2132 795 nihil
2157 753 2373 807 dubitare,
2397 753 2499 807 quin
2524 752 2618 795 eius
2642 753 2781 806 provi·

358 823 507 867 dentia
532 825 718 868 mundus
742 831 936 881 regatur3
960 825 1119 869 deinde
1145 825 1328 868 eundem
1353 825 1476 869 decet
1500 826 1675 869 vereri
1701 831 1829 880 atque
1854 838 2029 868 amare
2048 822 2130 878 ⁸⁷).

585 898 737 953 Itaque
755 902 798 941 et
816 899 1061 942 reverentia
1080 898 1173 941 eius
1191 898 1307 941 ducti
1332 898 1471 940 votis
1496 897 1799 941 inhonestis
1823 896 2208 951 abstinebimus⁸⁸)
2234 902 2289 952 et,
2313 897 2523 952 quidquid
2547 897 2781 951 obvenerit,

358 971 670 1023 gratissima
695 986 865 1027 semper
883 972 927 1014 in
946 985 1043 1014 eum
1068 972 1340 1014 voluntate
1365 971 1618 1025 erimusssss),
1643 985 1772 1025 quam
1791 972 2055 1013 voluntatem
2080 984 2164 1012 non
2188 971 2343 1012 melius
2366 970 2630 1024 testabimur,
2654 984 2782 1025 quam

359 1043 396 1084 si
421 1044 487 1099 iis,
513 1057 624 1098 quae
648 1057 675 1086 a
700 1045 782 1088 deo
806 1045 1111 1099 acceperimus,
1136 1044 1327 1099 optime
1353 1048 1573 1086 utemur.
1590 1042 1659 1097 ⁹⁰)
1719 1045 1953 1087 Praeterea
1975 1049 2164 1087 nostrum
2190 1048 2256 1087 est
2280 1043 2361 1086 deo
2384 1056 2589 1099 parere,
2605 1042 2673 1098 91)
2698 1057 2782 1099 qua.

359 1128 404 1157 re
452 1116 724 1159 libertatis
771 1122 988 1172 compotes
1036 1116 1187 1159 fiemus
1205 1116 1295 1170 92),
1342 1117 1525 1160 eundem
1577 1117 1691 1158 sine
1740 1118 2151 1160 murmuratione
2200 1117 2441 1159 comitari
2461 1114 2550 1170 ⁹³),
2598 1117 2782 1171 denique

360 1188 580 1231 imitari.
599 1187 667 1243 ⁹⁴)

585 1260 708 1313 Quae
726 1264 901 1316 quidem
926 1261 1157 1304 imitatio
1181 1262 1325 1315 qualis
1349 1261 1417 1315 sit,
1440 1261 1678 1316 apparebit,
1703 1261 1751 1315 si,
1776 1273 1887 1315 quae
1906 1261 1962 1304 de
1987 1261 2059 1304 dei
2084 1266 2240 1305 natura
2258 1261 2421 1305 Seneca
2446 1261 2610 1315 doceat,
2634 1261 2782 1305 memi-

360 1333 562 1375 nerimus.
620 1332 757 1384 Quem
795 1345 890 1374 cum
929 1333 1064 1387 dicat,
1101 1333 1145 1375 id
1181 1334 1294 1387 quod
1333 1346 1463 1388 supra
1498 1333 1809 1387 demonstravi,
1843 1334 1888 1375 in
1926 1346 2098 1376 omnes
2133 1335 2334 1377 omnino
2369 1333 2562 1376 homines
2597 1334 2782 1388 plurima

360 1405 567 1448 beneficia
603 1405 813 1458 conferre,
852 1406 1090 1449 rectissime
1126 1406 1226 1449 inde
1264 1406 1445 1458 colligit,
1485 1406 1750 1459 sapientis
1788 1419 1954 1460 quoque
1990 1419 2086 1449 esse
2121 1419 2207 1450 non
2242 1407 2473 1461 populares
2509 1406 2663 1460 solum,
2706 1406 2782 1449 sed

360 1491 533 1521 omnes
563 1477 739 1520 homin
752 1491 806 1520 es
829 1490 976 1521 amore
1000 1479 1214 1532 prosequi.
1277 1477 1494 1530 „Membra
1519 1490 1684 1531 sumuS,
1710 1477 1866 1531 inquit,
1891 1478 2081 1532 eorporis
2106 1478 2274 1531 magni:
2299 1483 2454 1522 natura
2478 1492 2556 1521 nos
2579 1482 2783 1532 cognatos

360 1549 507 1592 edidit.
530 1573 587 1579 ——
610 1549 697 1593 Iste
721 1563 872 1592 versus
895 1553 939 1593 et
963 1549 1008 1593 in
1032 1555 1204 1605 pectore
1229 1555 1270 1593 et
1295 1550 1338 1593 in
1363 1563 1436 1592 ore
1461 1549 1539 1592 sit:

1013 1621 1148 1665 Homo
1174 1636 1285 1677 sum,
1311 1621 1486 1665 humani
1511 1620 1618 1664 nihil
1643 1634 1670 1664 a
1695 1634 1762 1664 me
1787 1620 1976 1665 alienum
2000 1624 2115 1676 puto.

362 1694 609 1737 Habeamus
646 1694 690 1737 in
727 1707 968 1750 commune,
1003 1695 1118 1749 quod
1154 1696 1245 1738 nati
1281 1695 1463 1738 sumus.“
1486 1693 1555 1748 ⁹⁵)
1614 1693 1735 1746 Quae
1760 1708 1856 1736 cum
1888 1694 1949 1736 ita
1980 1694 2083 1749 sint,
2112 1707 2196 1737 non
2223 1694 2310 1736 iam
2343 1694 2489 1737 mirari
2523 1696 2640 1750 licet,
2670 1696 2783 1750 quod

591 1800 653 1842 85)
678 1798 733 1833 De
759 1798 872 1832 benef.
898 1798 931 1841 1,
958 1805 987 1842 6,
1013 1805 1052 1834 3:
1091 1799 1191 1839 „Non
1229 1803 1282 1833 est
1318 1799 1527 1833 beneficium
1564 1798 1693 1843 ipsum,
1729 1798 1824 1842 quod
1860 1802 2065 1833 numeratur
2100 1801 2161 1832 aut
2195 1796 2363 1832 traditur:
2391 1799 2481 1833 sicut
2505 1809 2549 1833 ne
2574 1799 2610 1834 in
2635 1799 2783 1835 victimis

361 1854 517 1898 quidem,
547 1854 631 1888 licet
653 1854 791 1898 opimae
816 1855 887 1889 sint
910 1864 1067 1899 auroque
1092 1855 1353 1899 praefulgeant,
1385 1854 1531 1889 deorum
1556 1860 1611 1889 est
1635 1854 1764 1896 honor,
1794 1854 1856 1889 sed
1880 1854 1939 1899 pia
1962 1864 2003 1889 ac
2027 1858 2124 1889 recta
2146 1854 2325 1889 voluntate
2358 1856 2610 1890 venerantium.
2658 1857 2782 1900 Itaque

362 1911 447 1945 boni
483 1911 590 1944 etiam
624 1910 719 1944 farre
755 1920 796 1944 ac
832 1910 934 1944 fitilla
969 1911 1126 1954 religiosi
1157 1915 1253 1951 sunt,
1290 1911 1374 1945 mali
1410 1921 1532 1945 rursus
1569 1920 1638 1944 non
1674 1910 1850 1953 effugiunt
1884 1910 2116 1954 impietatem.
2150 1910 2307 1953 quamvis
2343 1920 2423 1944 aras
2462 1912 2633 1954 sanguine
2670 1913 2782 1947 multo

361 1966 652 2001 cruentaverint.“

589 2024 651 2067 86)
673 2021 827 2058 Institut.
851 2021 913 2064 VI,
939 2027 992 2065 25,
1017 2028 1036 2058 3
1061 2021 1213 2067 (Seneca
1237 2021 1291 2057 ed.
1316 2021 1359 2058 H.
1384 2021 1450 2060 ΙΙΙ.
1474 2032 1507 2067 p.
1524 2023 1618 2067 444).

587 2081 649 2122 87)
672 2079 738 2124 Ep.
762 2084 816 2118 95,
841 2084 902 2112 50:
942 2079 1141 2120 „Primus
1165 2084 1219 2113 est
1242 2079 1389 2113 deorum
1413 2079 1529 2113 cultus
1552 2079 1638 2112 deos
1661 2078 1860 2115 credere,
1893 2078 2020 2111 deinde
2049 2078 2235 2112 reddere
2266 2078 2333 2112 illis
2365 2079 2643 2113 maiestatem
2673 2089 2782 2120 suam,

363 2135 544 2171 reddere
569 2135 832 2176 bonitatem,
857 2135 933 2170 sine
957 2145 1028 2178 qua
1053 2135 1151 2170 nulla
1174 2134 1339 2169 maiestas
1364 2140 1431 2176 est,
1462 2134 1551 2169 scire
1575 2134 1654 2169 illos
1678 2145 1766 2173 esse,
1792 2134 1851 2178 qui
1875 2133 2078 2178 praesident
2102 2133 2247 2174 mundo,
2273 2134 2332 2177 qui
2359 2135 2523 2171 universa
2547 2135 2579 2170 vi
2604 2146 2669 2171 sua
2694 2141 2780 2171 tem-

364 2197 505 2237 perant,
531 2192 591 2237 qui
615 2192 760 2227 humani
784 2191 925 2236 generis
949 2191 1097 2226 tutelam
1121 2195 1290 2236 gerunt“;
1315 2190 1358 2226 cf.
1382 2190 1447 2236 Ep.
1472 2196 1525 2231 47,
1554 2197 1603 2226 16.

588 2250 649 2292 88)
673 2247 738 2293 Ep.
765 2253 823 2290 10,
849 2253 880 2281 4.
905 2252 936 2281 5.
962 2267 1006 2273 -—
1033 2246 1120 2282 Tale
1144 2251 1279 2289 votum,
1305 2247 1408 2291 quale
1433 2247 1563 2292 legitur
1587 2247 1681 2293 apud
1705 2247 1892 2282 Horatium
1916 2245 1998 2291 (Ep.
2023 2245 2058 2289 Ι,
2087 2250 2144 2287 18,
2173 2247 2269 2290 112);

981 2304 1055 2337 Det
1077 2303 1201 2344 vitam,
1234 2303 1294 2337 det
1318 2313 1421 2347 opes;
1447 2314 1597 2347 aequum
1622 2304 1669 2337 mi
1693 2304 1847 2338 animum
1872 2303 1947 2346 ipse
1972 2302 2114 2345 parabo,

364 2369 434 2394 non
458 2358 605 2404 probari
629 2358 785 2394 Senecae
810 2363 967 2403 apparet.

594 2416 654 2459 89)
678 2414 733 2449 De
758 2413 872 2449 benef.
896 2414 947 2457 11,
973 2420 1026 2457 29,
1051 2421 1082 2456 3,
1106 2414 1173 2457 „ad
1197 2415 1528 2460 contemplationem
1553 2419 1605 2449 tot
1628 2418 1876 2458 tantorumque
1900 2413 2149 2449 beneficiorum
2174 2414 2303 2449 reverti
2326 2419 2361 2449 et
2385 2424 2491 2459 agere
2516 2414 2679 2459 gratias.“

594 2473 655 2513 90)
679 2471 769 2506 Eos.
802 2471 863 2513 qui
887 2471 944 2505 dei
968 2472 1150 2506 beneficiis
1183 2472 1274 2505 male
1312 2476 1475 2507 utuntur.
1512 2472 1646 2505 Seneca
1683 2471 1803 2505 multis
1839 2471 1954 2505 verbis
1988 2471 2163 2514 vituperat
2198 2471 2234 2504 in
2270 2470 2493 2505 naturalibus
2517 2470 2784 2513 quaestionibus

363 2528 425 2573 (V,
454 2530 522 2571 18).

590 2585 649 2627 91)
673 2582 771 2617 Idem
801 2582 845 2617 de
876 2592 914 2617 se
943 2581 1124 2626 praedicat
1147 2581 1330 2626 Epictetus
1366 2582 1421 2617 his
1457 2582 1572 2617 verbis
1609 2592 1712 2617 usus:
1750 2579 1869 2621 ..Ὅλος
1906 2581 1997 2627 πρὸς
2033 2581 2099 2616 τὸν
2136 2580 2227 2617 θεὸν
2262 2584 2411 2628 τέταμαι
2448 2585 2509 2617 καὶ
2545 2582 2608 2621 τὰς
2643 2583 2785 2618 ἐκείνου

363 2641 513 2680 ἐντολὰς
536 2643 597 2674 καὶ
622 2639 668 2675 τὰ
692 2636 997 2687 προστάγματα.“
1030 2637 1188 2680 (Grosch
1211 2638 1233 2672 l.
1260 2638 1281 2672 l.
1305 2649 1337 2683 p.
1355 2641 1425 2682 24.)

589 2698 651 2740 92)
676 2696 732 2731 De
756 2696 829 2731 vita
851 2696 957 2730 beata
984 2699 1036 2736 15,
1062 2699 1098 2728 7:
1137 2693 1237 2735 ..Deo
1268 2705 1423 2739 parere
1453 2695 1601 2730 libertas
1633 2700 1736 2730 estst‘.
1766 2695 1865 2739 Quae
1888 2694 2032 2729 libertas
2058 2694 2173 2737 qualis
2196 2694 2256 2736 sit,
2281 2695 2417 2730 Seneca
2440 2695 2515 2739 ipse
2540 2695 2591 2730 sic
2613 2695 2784 2739 explicat:

363 2754 497 2795 „Nemo
522 2753 614 2787 liber
637 2757 703 2794 est,
729 2752 789 2796 qui
812 2752 952 2795 corpori
976 2750 1114 2786 servit.“
1153 2749 1238 2794 (Ep.
1264 2755 1318 2792 92,
1345 2753 1415 2795 33.)

589 2809 651 2852 93)
675 2808 740 2853 Ep.
760 2813 835 2849 107,
854 2813 885 2843 9.
920 2806 1000 2841 Huc
1023 2806 1191 2850 pertinet,
1216 2806 1311 2849 quod
1335 2807 1372 2841 in
1396 2806 1519 2841 eadem
1535 2807 1685 2851 epistola
1707 2810 1754 2852 (§·
1774 2809 1833 2850 12)
1857 2807 1996 2850 legitur,
2020 2806 2109 2848 „Hic
2133 2811 2188 2841 est
2211 2816 2359 2850 magnus
2382 2806 2530 2847 animus,
2553 2805 2614 2849 qui
2638 2815 2682 2840 se
2707 2806 2786 2840 deo

365 2865 573 2902 tradidit:
598 2869 635 2900 at
651 2868 776 2900 contra
792 2864 851 2900 ille
869 2862 1021 2908 pusillus
1037 2866 1074 2898 et
1093 2862 1258 2907 degener,
1282 2863 1342 2907 qui
1358 2862 1560 2899 obluctatur
1576 2867 1611 2898 et
1626 2863 1670 2898 de
1686 2863 1810 2899 ordine
1834 2862 1956 2898 mundi
1980 2863 2071 2899 male
2094 2863 2273 2899 existimat
2293 2867 2329 2898 et
2349 2861 2536 2897 emendare
2552 2861 2685 2897 mavult
2701 2862 2786 2897 deos

365 2931 470 2965 quam
495 2923 563 2956 se.“
612 2921 654 2955 In
678 2922 828 2956 eandem
852 2921 1063 2955 sententiam
1086 2920 1226 2954 locutus
1250 2924 1305 2954 est
1327 2919 1532 2963 Epictetus:
1571 2922 1668 2963 ,,Τῆς
1691 2921 1776 2967 περὶ
1801 2918 1886 2960 τοὺς
1914 2921 2023 2959 θεοὺς
2050 2921 2235 2964 ἔυσεβείας
2260 2945 2268 2953 .
2290 2945 2299 2953 .
2320 2946 2328 2954 .
2355 2919 2395 2954 τὸ
2420 2916 2647 2965 κυριώτατον
2668 2911 2788 2953 ἐκεῖνό

364 2978 474 3021 ἔστιν,
509 2976 624 3021 ὀρθὰς
650 2973 853 3021 ὑπολήψεις
889 2978 974 3022 περὶ
1010 2974 1134 3010 αὐτῶν
1169 2976 1267 3022 ἔχειν
1303 2973 1351 3015 ὥς
1386 2970 1507 3011 ὄντων
1536 2978 1598 3010 καὶ
1627 2973 1866 3012 διοικούντων
1899 2976 1942 3013 τὰ
1977 2975 2044 3013 31.oe
2077 2978 2196 3016 καλῶς
2219 2978 2282 3012 καὶ
2305 2975 2466 3014 δικαίως·
2492 2976 2553 3009 καὶ
2578 2973 2715 3010 σαυτὸν
2739 2976 2789 3014 εἰς

364 3035 473 3069 τοῦτο
498 3036 703 3079 τεταχέναι,
728 3032 769 3068 τὸ
795 3036 993 3067 πείθεσθαι
1017 3030 1141 3071 αὐτοῖς
1164 3034 1226 3066 καὶ
1251 3034 1362 3066 εἴκειν
1386 3033 1428 3067 ἐν
1451 3034 1540 3068 πᾶσι
1567 3036 1641 3072 τοῖς
1664 3037 1877 3080 γενομένοις
1900 3036 1961 3068 καὶ
1986 3032 2209 3077 &antecessu
2231 3030 2364 3068 ἑκόντα
2389 3029 2437 3070 ὥς
2460 3027 2534 3066 ὑπὸ
2559 3032 2619 3073 τῆς
2642 3029 2789 3077 ἀρίστης

364 3088 513 3136 γνώμης
537 3089 841 3136 ἐπιτελουμένοις·
869 3086 963 3124 οὕτω
987 3087 1061 3136 γὰρ
1087 3083 1170 3124 οὔτε
1192 3091 1324 3137 μέμψῃ
1351 3089 1440 3125 ποτὲ
1465 3092 1540 3129 τοῖς
1562 3092 1663 3130 θεοῖς
1687 3085 1769 3125 οὔτε
1794 3090 2001 3136 ἐγκαλέσας
2024 3087 2074 3130 ὠς
2097 3087 2380 3137 &paauperes-‘⁴
2404 3087 2560 3133 (Grosch
2583 3087 2604 3121 l.
2622 3087 2644 3121 l.
2667 3097 2700 3132 p.
2718 3089 2788 3128 24.)

596 3147 657 3187 94)
680 3145 796 3185 „Satis
812 3144 898 3179 deos
913 3145 1038 3185 coluit,
1062 3146 1221 3188 quisquis
1245 3146 1444 3180 imitatus
1469 3150 1559 3186 est“‚
1584 3146 1648 3189 Ep.
1667 3151 1720 3185 95,
1739 3152 1793 3179 51.
1811 3165 1854 3170 -
1873 3145 1924 3179 Cf.
1941 3145 2006 3188 Ep.
2023 3151 2082 3186 92,
2101 3152 2139 3179 3:
2165 3145 2285 3186 „Talis
2309 3144 2446 3178 animus
2470 3152 2547 3177 esse
2571 3143 2788 3186 sapientis

368 3201 433 3235 viri
457 3200 577 3242 debet,
602 3200 747 3244 qualis
771 3200 896 3236 deum
920 3201 1116 3236 deceat.“

594 3258 656 3300 95)
680 3256 744 3302 Ep.
762 3262 817 3301 95,
834 3263 888 3301 52,
912 3257 955 3293 cf.
971 3257 1015 3293 de
1032 3257 1104 3293 otio
1122 3263 1153 3292 4.
1178 3278 1220 3283 —
1246 3257 1303 3293 De
1319 3257 1433 3293 benef.
1451 3257 1536 3294 VII.
1559 3264 1586 3295 1.
1607 3263 1644 3292 τι
1671 3284 1705 3300 ,,.
1720 3284 1747 3292 ..
1766 3257 1795 3293 si
1819 3258 1949 3294 sociale
1973 3257 2103 3294 animal
2127 3262 2162 3293 et
2186 3258 2222 3293 in
2246 3265 2430 3293 commune
2455 3254 2595 3300 genitus
2618 3254 2787 3290 mundum

368 3317 406 3348 ut
429 3321 536 3348 unam
562 3314 719 3349 omnium
742 3313 884 3350 domum
908 3317 1073 3360 spectat.“
