3085 3679
1420 209 1445 249 7

454 344 591 395 Quam
616 347 761 385 tamen
784 343 1032 385 felicitatem
1057 355 1112 385 ne
1135 343 1232 396 quis
1256 343 1385 385 talem
1410 355 1505 385 esse
1527 345 1661 398 putet,
1684 342 1825 396 qualis
1848 342 1944 384 visa
1968 345 2032 384 est
2057 341 2252 396 Epicuro,
2276 342 2347 396 qui
2372 341 2501 384 deum
2528 339 2635 382 nihil

228 422 425 475 cuiquam
451 415 728 470 tribuentem,
763 417 870 458 nihil
897 414 1227 469 gratificantem,
1263 415 1436 458 omnino
1471 415 1606 458 nihil
1642 420 1927 468 curantem,
1963 414 2098 456 nihil
2133 418 2376 467 agentem
2411 411 2634 466 finxit36),

227 492 388 544 obstat,
423 488 554 542 quod,
592 493 639 530 ut
667 489 730 530 ait
753 488 935 541 Seneca,
969 487 1097 541 deus,
1129 500 1215 540 qua
1249 488 1411 529 animi
1447 487 1685 529 bonitate
1719 486 1933 529 adductus
1955 492 2039 540 est,
2074 491 2121 528 ut
2144 486 2349 528 mundum
2373 487 2534 529 faceret
2553 484 2635 539 ³⁷),

227 562 379 605 eadem
414 559 713 614 adducitur,
748 573 810 602 ne
845 559 1026 612 generi
1061 558 1280 601 humano
1315 572 1539 612 unquam
1575 559 1880 613 prospicere
1909 558 2141 600 desinat.
2198 557 2288 599 Hoc
2317 558 2431 600 enim
2455 558 2633 599 interest

227 635 338 678 inter
366 632 495 676 deum
521 631 696 687 Epicuri
727 636 770 675 et
794 630 1003 687 Senecae,
1038 630 1152 686 quod
1186 630 1260 674 ille
1296 631 1417 674 nulla
1453 631 1614 687 gratia,
1650 631 1772 674 nulla
1803 629 2020 673 hominum
2047 630 2227 673 caritate
2261 634 2430 673 tenetur
2448 628 2529 684 ⁸⁸),
2565 628 2633 672 hic

226 706 444 747 hominum
468 709 533 745 est
555 704 890 746 amantissimus.
932 705 1082 757 Itaque
1106 704 1176 745 dei
1201 716 1359 758 opera
1383 704 1427 745 in
1451 716 1502 746 eo
1527 708 1593 745 est
1616 703 1776 758 posita,
1801 707 1847 743 ut
1871 708 2125 757 perpetuo
2149 702 2343 744 homines
2367 701 2633 743 beneficio

226 777 305 818 aff
311 777 454 817 iciat..

448 847 586 899 Quam
622 848 795 902 quidem
831 848 912 890 Dei
949 848 1040 890 sive
1076 847 1486 890 beneficentiam
1530 848 1621 890 sive
1658 848 1952 891 comitatem
1989 847 2079 888 sive
2117 846 2497 900 benignitatem
2536 859 2643 907 cum·

226 922 390 963 Seneca
415 921 668 974 saepissime
691 925 734 961 et
758 921 944 973 egregiis
967 920 1110 962 verbis
1142 920 1361 973 praedicet
1377 919 1461 975 ³⁹),
1498 933 1578 974 ego
1614 932 1779 974 quoque
1811 919 2005 974 pluribus
2033 919 2376 973 persequendam
2408 919 2536 972 duco,
2572 918 2633 959 ita

226 993 415 1047 quidem,
449 997 495 1034 ut
531 993 657 1034 simul
682 1005 829 1034 earum
854 993 1030 1045 artium,
1067 1005 1177 1045 quae
1212 991 1309 1033 huic
1343 993 1490 1035 virtuti
1524 994 1647 1047 quasi
1681 993 1962 1034 administrae
1986 991 2244 1044 comitesque
2269 991 2499 1033 adiunctae
2524 996 2633 1043 sunt,

225 1066 433 1109 rationem
458 1064 653 1107 habeam.
1221 1053 1225 1057 ’

451 1139 515 1181 Ac
543 1142 811 1190 „naturam
837 1137 1009 1191 quidem
1034 1138 1114 1181 deo
1145 1139 1318 1181 mitem
1343 1144 1385 1180 et
1410 1126 1695 1192 placidam“
1725 1151 1820 1180 esse
1845 1137 2009 1180 Seneca
2031 1136 2135 1179 dicit
2159 1137 2213 1180 de
2239 1137 2304 1180 ira
2331 1137 2390 1191 ΙΙ,
2417 1140 2482 1191 27,
2512 1140 2544 1178 1.
2563 1135 2630 1189 ⁴⁰)

226 1211 375 1264 Itaque
415 1211 624 1264 „plurima
648 1209 854 1253 beneficia
877 1223 929 1252 ac
952 1210 1140 1253 maxima
1175 1210 1218 1252 in
1253 1210 1448 1253 homines
1483 1210 1590 1252 deus
1625 1210 1786 1252 confert
1803 1208 1883 1263 ⁴¹),
1919 1209 2011 1252 sine
2046 1209 2361 1252 intermissione
2397 1208 2549 1252 diebus
2580 1222 2632 1251 ac

224 1280 521 1336 noctibus42),
557 1282 649 1324 sine
687 1295 762 1335 spe
799 1282 1058 1336 recipiendi“
1080 1279 1170 1336 4³);
1205 1282 1336 1337 idem,
1377 1282 1653 1336 „quidquid
1684 1283 1753 1324 iis
1783 1281 1910 1324 bono
1942 1281 2170 1323 futurum
2201 1287 2336 1335 erat,
2368 1283 2413 1324 in
2437 1282 2631 1336 proximo

224 1354 386 1408 posuit3
410 1368 508 1397 non
535 1354 867 1409 exspectavit
892 1354 1287 1408 inquisitionem
1312 1354 1570 1398 hominum
1602 1360 1653 1397 et
1684 1355 1821 1397 ultro
1852 1354 2000 1397 dedit
2020 1351 2108 1406 44),
2132 1367 2211 1396 nec
2235 1354 2372 1396 solum
2396 1353 2632 1396 necessi-

224 1426 423 1470 tatibus
448 1441 594 1470 eorum
618 1426 817 1481 providit,
841 1426 917 1469 sed
942 1441 1078 1480 usque
1101 1427 1146 1470 in
1170 1427 1349 1471 delicias
1374 1442 1448 1472 eos
1471 1428 1625 1470 amat.“
1648 1425 1717 1481 4⁵)

447 1499 510 1541 Ac
534 1503 654 1541 tanta
679 1499 748 1541 dei
774 1502 838 1541 est
863 1498 1122 1554 benignitas,
1154 1504 1200 1541 ut
1236 1500 1369 1551 „alios
1393 1500 1686 1554 indulgentius
1710 1503 1864 1542 tractet-
1888 1504 2060 1553 propter
2097 1503 2345 1552 parentes
2382 1511 2632 1553 avosque,

224 1571 361 1613 alios
404 1576 615 1626 propter
654 1572 878 1615 futuram
922 1576 1162 1626 nepotum
1204 1578 1571 1627 pronepotumque
1607 1586 1658 1615 ac
1694 1574 1821 1625 longe
1863 1570 2131 1625 sequentium
2174 1576 2438 1624 posterorum
2481 1572 2631 1613 indo-

224 1640 458 1697 lem.“⁴⁶)

451 1768 511 1808 36)
535 1765 625 1799 Sunt
647 1764 754 1798 verba
778 1764 901 1798 Cottae
926 1765 1019 1808 apud
1044 1765 1246 1798 Ciceronem
1271 1765 1332 1808 (de
1357 1769 1483 1798 natura
1506 1765 1651 1798 deorum
1675 1765 1692 1797 Ι
1700 1791 1708 1799 .
1734 1770 1793 1805 44,
1823 1766 1921 1807 123);
1946 1764 1990 1799 cf.
2015 1765 2093 1798 adn.
2122 1769 2171 1797 14.

451 1822 512 1865 37)
535 1820 601 1864 Ep.
627 1825 678 1864 65,
706 1826 758 1855 10.

451 1877 512 1922 38)
537 1876 607 1912 Cic.
630 1875 674 1911 de
697 1881 767 1913 nat.
791 1876 887 1912 deor.
910 1876 942 1920 Ι,
967 1883 1026 1921 44,
1053 1882 1127 1913 124.

445 1935 504 1979 39)
528 1934 664 1967 Similia
687 1934 782 1977 apud
813 1934 1057 1977 Epictetum
1086 1935 1320 1969 inveniuntur.
1366 1934 1401 1968 Is
1425 1934 1517 1967 enim
1541 1938 1725 1977 postquam
1749 1942 1810 1967 eos
1840 1933 2062 1976 vituperavit,
2099 1934 2172 1975 qui,
2204 1937 2243 1967 ut
2272 1933 2419 1967 Phidiae
2444 1934 2619 1976 quoddam

224 2000 311 2036 opus
341 1993 555 2035 spectarent,
586 1988 781 2036 Olympiam
813 1990 880 2026 iter
909 1989 1079 2034 facerent,
1110 1989 1474 2026 artificiosissimi
1504 1994 1621 2025 autem
1652 1989 1784 2034 operis,
1816 1987 1910 2033 quod
1933 1987 2059 2024 cotidie
2085 1987 2250 2024 admirari
2273 1988 2316 2024 iis
2340 1987 2477 2031 liceret,
2506 1994 2627 2026 essent

227 2046 409 2091 neglege
419 2046 633 2086 ntissimi,
669 2046 782 2089 addit,
818 2046 987 2088 homines,
1011 2047 1040 2082 si
1070 2052 1190 2082 recta
1218 2047 1254 2082 in
1283 2047 1327 2082 iis
1355 2055 1453 2082 mens
1482 2049 1590 2089 esset,
1626 2045 1712 2081 nihil
1743 2044 1839 2081 aliud
1868 2045 1935 2081 nisi
1966 2044 2069 2080 deum
2100 2044 2364 2090 praedicaturos
2393 2050 2429 2081 et
2453 2045 2628 2093 beneficia

225 2103 271 2136 ab
297 2112 340 2136 eo
362 2103 499 2136 tributa
522 2103 822 2144 consideraturos,
846 2108 900 2143 ut,
932 2103 1100 2146 quidquid
1125 2108 1285 2146 agerent,
1316 2102 1483 2148 hymnum
1506 2106 1698 2136 cantarent.
1743 2102 1833 2137 Cum
1856 2111 1940 2136 vero
1964 2102 2091 2145 vulgus
2115 2111 2258 2136 caecum
2283 2102 2345 2145 sit,
2371 2111 2410 2136 se
2433 2102 2548 2146 ipsum
2571 2102 2628 2136 dei

224 2158 347 2193 laudes
369 2158 626 2193 celebraturum
659 2158 703 2193 ab
732 2168 843 2202 eaque
875 2169 913 2193 re
946 2169 1056 2203 usque
1088 2160 1133 2194 ad
1164 2160 1323 2194 ultimum
1354 2159 1515 2203 spiritum
1544 2168 1615 2193 non
1639 2159 1849 2193 destiturum
1872 2168 1960 2193 esse.
1999 2158 2098 2192 Idem
2115 2168 2137 2192 a
2153 2158 2312 2202 sapiente
2328 2158 2499 2202 postulat,
2523 2168 2626 2202 quem

226 2212 403 2256 hortatur,
428 2218 482 2255 ut,
507 2213 602 2247 dum
627 2223 649 2247 a
678 2214 796 2248 vitae
827 2215 1019 2250 statione
1049 2216 1260 2250 decedere
1296 2214 1521 2257 iubeatur,
1555 2213 1677 2248 deum
1715 2217 1960 2249 veneretur
1988 2222 2064 2259 pro
2094 2213 2165 2256 iis,
2202 2221 2310 2257 quae
2335 2216 2377 2247 et
2402 2213 2566 2248 viderit
2588 2218 2630 2248 et

225 2269 460 2311 audiverit,
485 2269 657 2313 gratias
681 2279 833 2313 agens.
882 2270 1034 2312 (Grosch
1059 2271 1080 2305 l.
1101 2271 1123 2305 1.
1146 2282 1180 2315 p.
1203 2272 1273 2314 24.)
1320 2271 1378 2306 Ab
1403 2271 1566 2316 Epicteto
1591 2270 1708 2315 igitur,
1732 2271 1791 2314 qui
1816 2270 2016 2305 Christiana
2036 2270 2196 2304 doctrina
2219 2279 2290 2304 non
2313 2269 2381 2304 fuit
2411 2269 2581 2311 imbutus,
2606 2271 2630 2304 ii

225 2330 450 2367 superantur,
476 2325 552 2368 qui.
577 2326 643 2360 etsi
667 2324 857 2360 Christiani
878 2327 1058 2369 dicuntur,
1082 2333 1199 2362 tamen
1223 2338 1287 2371 pro
1310 2328 1518 2368 innumeris,
1554 2337 1645 2370 quae
1669 2327 1796 2360 cotidie
1821 2327 2011 2370 accipiunt,
2047 2327 2229 2360 beneficiis
2259 2326 2325 2359 deo
2357 2327 2489 2369 gratias
2521 2336 2627 2369 agere

224 2380 515 2424 praetermittunt.

448 2438 509 2480 40)
539 2435 677 2471 Ibidem
701 2435 789 2471 haec
813 2437 1001 2481 leguntur:
1037 2436 1132 2479 „Nec
1155 2437 1277 2473 volunt
1299 2437 1426 2473 obesse
1450 2447 1514 2471 nec
1543 2441 1720 2481 possunt.“
1758 2456 1801 2461 —
1836 2435 1901 2481 Ep.
1925 2443 1986 2479 95,
2012 2443 2073 2472 49:
2111 2437 2230 2481 „Quae
2253 2446 2361 2471 causa
2383 2441 2438 2471 est
2461 2437 2515 2471 dis
2540 2436 2629 2471 bene

224 2491 399 2526 faciendi?
424 2496 579 2527 nauira“
603 2512 647 2519 —
672 2493 782 2527 Iidem
807 2493 966 2536 „aequali
990 2498 1112 2527 tenore
1136 2493 1232 2528 bona
1255 2503 1320 2528 sua
1343 2503 1407 2538 per
1429 2498 1552 2537 gentes
1576 2493 1794 2537 populosque
1819 2493 2037 2528 distribuunt
2061 2503 2183 2528 unam
2198 2493 2451 2537 potentiam
2480 2494 2631 2528 sortiti

224 2547 458 2588 prodesse“
481 2548 542 2592 (de
566 2548 680 2582 benef.
697 2547 780 2589 VII,
806 2554 859 2588 31,
884 2551 932 2591 4).

449 2603 510 2648 41)
534 2601 591 2639 De
615 2602 732 2639 benef.
755 2602 816 2640 IV.
841 2610 878 2646 9,
905 2610 932 2639 1.

447 2662 508 2705 42)
531 2659 623 2695 Ibid.
647 2659 709 2703 IV,
734 2667 770 2703 3,
796 2666 826 2694 2.
861 2681 906 2686 —
942 2660 986 2695 cf.
1017 2665 1076 2702 25,
1102 2666 1140 2695 2:
1177 2660 1306 2703 „Vide,
1340 2664 1472 2705 quanta
1502 2660 1629 2696 cotidie
1660 2661 1864 2703 moliantur,
1905 2665 2037 2705 quanta
2074 2661 2301 2704 distribuant,
2337 2661 2478 2706 quantis
2515 2666 2628 2697 terras

224 2714 396 2751 fructibus
419 2715 604 2761 impleant,
635 2727 740 2761 quam
764 2716 970 2761 opportunis
994 2721 1030 2751 et
1052 2717 1089 2752 in
1113 2726 1234 2752 omnes
1255 2727 1336 2753 oras
1358 2715 1551 2752 ferentibus
1582 2717 1694 2752 ventis
1717 2717 1828 2752 maria
1858 2722 2099 2761 permoveant,
2124 2717 2264 2761 quantis
2287 2717 2460 2753 imbribus
2482 2723 2626 2762 repente

224 2769 368 2806 deiectis
394 2771 507 2806 solum
530 2773 691 2807 molliant
712 2781 889 2816 venasque
913 2772 1061 2808 fontium
1086 2778 1226 2808 arentes
1248 2774 1488 2818 redintegrent
1510 2776 1546 2808 et
1568 2772 1683 2808 infuso
1706 2782 1772 2818 per
1793 2773 1931 2808 occulta
1955 2773 2169 2808 nutrimento
2188 2777 2347 2809 novent“.

447 2829 509 2872 43)
532 2827 625 2864 Ibid.
642 2828 706 2870 IV,
731 2833 763 2870 9,
790 2834 826 2871 1,
855 2828 899 2862 cf.
923 2834 977 2870 25,
1003 2834 1040 2862 2:
1077 2829 1224 2870 „Omnia
1245 2829 1315 2863 ista
1336 2829 1411 2863 sine
1435 2828 1605 2870 mercede,
1628 2828 1704 2862 sine
1729 2828 1801 2862 ullo
1825 2828 1871 2862 ad
1894 2828 1989 2873 ipsos
2012 2829 2237 2873 perveniente
2260 2829 2442 2864 commodo
2465 2828 2627 2864 faciunt-‘⁶

448 2886 510 2927 44)
531 2884 597 2928 Ep.
616 2891 691 2926 110,
711 2891 763 2919 10.
786 2884 830 2918 de
854 2884 967 2918 benef.
983 2884 1045 2926 VI,
1063 2890 1117 2926 23,
1134 2890 1164 2920 5.
1189 2905 1232 2910 -
1256 2884 1347 2919 Ibid.
1370 2883 1452 2924 VII,
1476 2889 1530 2925 31,
1555 2889 1593 2918 2:
1629 2883 1835 2925 „Beneficia
1856 2884 2034 2927 ignoranti
2057 2885 2142 2919 dare
2167 2886 2356 2930 incipiunt,
2380 2886 2526 2929 ingratis
2549 2894 2628 2928 per·

225 2941 417 2972 severant.“
464 2938 553 2973 Cum
584 2938 640 2975 his
672 2939 862 2975 Senecae
898 2939 1014 2974 verbis
1049 2939 1165 2984 aliqua
1200 2949 1244 2974 ex
1277 2943 1378 2984 parte
1411 2938 1499 2974 illud
1533 2939 1703 2974 Iesaiae
1736 2938 1930 2984 prophetae
1952 2941 2024 2984 (65,
2050 2942 2111 2985 24)
2133 2940 2329 2985 comparari
2359 2943 2490 2985 potest:
2530 2942 2626 2981 „Kal

225 2990 341 3035 ἔσται,
367 2995 457 3039 πρὶν
478 2992 500 3037 ἢ
525 2993 694 3041 κεκράξαι
718 2994 865 3039 αὐτούς,
890 2995 962 3040 ἐγώ
987 2994 1246 3041 ὑπακούσομαι
1269 2995 1423 3031 αὐτῶν.“

447 3052 509 3094 45)
533 3050 583 3084 Cf.
608 3050 653 3085 de
675 3051 794 3087 benef.
816 3051 877 3095 lv,
902 3057 932 3095 5,
960 3058 988 3086 1.
1010 3046 1015 3049 ⁴

445 3106 506 3148 46)
530 3105 587 3141 De
610 3106 725 3141 benef.
747 3106 813 3150 IV,
838 3113 892 3150 32,
920 3114 949 3142 1.
983 3107 1099 3151 „Nota
1121 3107 1213 3142 enim
1236 3108 1287 3143 illi
1317 3112 1401 3150 est“,
1430 3107 1558 3152 inquit,
1593 3108 1731 3152 „operis
1765 3107 1820 3143 sui
1854 3108 1964 3143 series
1997 3109 2220 3152 omniumque
2243 3107 2294 3142 illi
2316 3117 2433 3142 rerum
2456 3117 2538 3142 suas
2561 3116 2626 3151 per

227 3165 351 3191 manus
375 3158 546 3194 iturarum
570 3161 718 3208 scientia
739 3162 776 3197 in
799 3167 922 3207 aperto
946 3172 1085 3208 semper
1108 3167 1176 3205 est,
1201 3163 1302 3199 nobis
1325 3173 1370 3198 ex
1393 3163 1512 3199 abdito
1536 3163 1646 3206 subit,
1670 3167 1706 3199 et
1728 3173 1818 3208 quae
1842 3164 2027 3209 repentina
2049 3168 2223 3209 putamus,
2247 3162 2298 3198 ini
2322 3162 2462 3208 provisa
2478 3162 2622 3198 veniunt

225 3222 265 3247 ac
288 3211 484 3248 familiaria.
531 3215 611 3250 Sint
632 3215 671 3251 hi
694 3227 808 3262 reges,
830 3219 914 3263 quia
936 3220 1087 3254 maiores
1111 3228 1233 3254 eorum
1255 3220 1413 3263 fuerunt,
1449 3220 1533 3265 quia
1560 3229 1624 3265 pro
1654 3230 1789 3255 summo
1818 3221 1964 3266 imperio
1994 3221 2193 3255 habuerunt
2221 3218 2404 3261 iustitiam,
2441 3218 2623 3254 abstinen-

224 3267 326 3310 tiam,
350 3268 434 3312 quia
456 3277 527 3303 non
551 3280 624 3305 rem
648 3272 828 3316 publicam
852 3275 935 3317 sibi,
960 3275 1023 3310 sed
1046 3285 1084 3310 se
1108 3275 1159 3310 rei
1179 3275 1344 3319 publicae
1367 3276 1581 3311 dicaverunt.
1616 3276 1780 3320 Regnent
1802 3276 1855 3318 hi,
1879 3277 1962 3319 quia
1985 3277 2039 3311 vir
2061 3275 2176 3310 bonus
2200 3275 2342 3318 quidam
2366 3279 2447 3309 ante
2474 3284 2625 3318 proavus
