3085 3679
1524 250 1578 309 29

565 385 763 438 Denique
788 385 861 438 qui
890 384 1245 435 „maiestatem
1273 396 1396 425 suam
1420 383 1502 425 deo
1527 382 1708 435 reddit“,
1733 383 1777 424 id
1803 383 1916 437 quod
1934 383 2100 425 Seneca
2123 383 2218 437 ipse
2236 381 2564 438 praecipit¹⁵⁴),
2588 381 2668 423 hoc
2691 386 2757 423 est

338 456 409 509 qui
434 456 573 499 vitare
598 457 753 511 studet,
778 456 987 511 quidquid
1012 455 1069 498 ab
1093 468 1146 498 ea
1169 455 1382 509 abhorret,
1406 456 1444 498 is
1467 468 1554 497 non
1576 458 1717 509 potest
1740 468 1827 497 non
1851 456 1979 498 deum
2003 455 2141 498 vereri
2166 455 2345 509 eiusque
2370 456 2522 498 timore
2546 453 2757 497 adductus

336 532 516 582 peccata
552 529 762 582 refugere.
826 529 993 571 Seneca
1028 532 1173 570 autem
1211 527 1319 570 haec
1354 527 1458 570 dicit
1477 525 1596 581 3⁵⁵):
1649 559 1665 578 „
1680 528 1816 568 Deos
1851 540 1995 569 nemo
2032 541 2192 570 sanus
2228 527 2416 569 timet.“
2478 526 2649 568 Scilicet
2683 525 2756 580 qui

336 602 538 653 nesciret,
575 601 689 653 quod
726 615 805 642 nos
839 601 1017 652 scimus,
1054 600 1248 640 timorem
1284 600 1355 640 dei
1393 600 1635 653 sapientiae
1666 612 1761 640 esse
1798 599 1988 649 initium,
2026 601 2179 642 exilem
2216 598 2342 640 modo
2376 597 2430 639 de
2469 598 2756 639 sanctitate

335 686 465 726 quam
492 676 646 715 vocant
670 671 740 714 dei
765 671 1009 726 opinionem
1034 671 1178 713 animo
1201 671 1426 725 concipere
1450 671 1600 725 potuit.

562 745 681 788 Haec
705 744 794 788 fere
819 748 935 798 sunt,
971 756 1100 797 quae,
1135 747 1182 785 ut
1214 757 1312 787 mea
1336 744 1418 787 fert
1453 744 1618 798 opinio,
1654 744 1702 786 L.
1726 744 1907 786 Annaeo
1932 741 2123 786 Senecae
2148 742 2203 786 de
2234 743 2329 786 deo
2363 742 2579 796 eiusque
2612 740 2756 784 cultu

337 817 549 860 videntur.
587 816 710 869 Quae
735 817 772 859 si
797 816 865 859 cui
890 816 998 859 talia
1015 815 1217 859 videntur
1241 829 1356 870 esse,
1379 820 1426 859 ut
1449 830 1548 859 eum
1573 815 1632 859 de
1658 814 1812 858 rebus
1835 814 2038 857 divinis
2063 816 2336 869 praeclare
2359 814 2521 857 multa
2544 825 2755 868 praece-

335 890 480 944 pisse
518 903 685 945 neque
722 895 896 933 tamen
935 889 1072 932 satis
1109 889 1348 932 stabilem
1388 893 1707 943 certamque,
1750 888 1825 931 sed
1868 887 2139 942 paululum
2177 893 2438 931 errantem
2481 891 2530 930 et
2571 898 2755 940 vagam

335 961 586 1005 habuisse
611 962 954 1015 sententiam,
978 966 1022 1004 et
1045 961 1099 1004 de
1124 961 1252 1004 rebus
1275 960 1546 1015 gravioribus
1569 975 1655 1004 non
1681 973 1849 1015 semper
1872 963 1986 1002 recte
2011 958 2273 1002 iudicavisse
2294 963 2470 1014 statuat,
2494 972 2562 1002 me
2582 958 2755 1013 quidem

337 1033 467 1077 habet
487 1048 663 1090 prorsus
681 1034 987 1078 assentientem
1008 1038 1050 1076 et
1076 1032 1184 1076 illud
1202 1046 1369 1087 quoque
1387 1032 1710 1087 concedentem,
1734 1031 1847 1086 quod
1865 1030 1922 1074 ab
1939 1030 2021 1073 hac
2039 1031 2290 1085 quaestione
2311 1031 2482 1085 seiungi
2501 1041 2586 1074 non
2606 1035 2757 1086 potest,

336 1106 625 1150 Christianam
651 1106 889 1150 doctrinam
914 1119 1012 1149 eum
1036 1106 1155 1149 nullo
1179 1110 1304 1160 pacto
1328 1106 1544 1160 cognitam
1570 1104 1774 1158 habuisse
1792 1106 1804 1129 ¹
1819 1102 1902 1158 ⁵⁶).
1938 1103 1995 1147 Ut
2019 1103 2134 1146 enim
2159 1104 2249 1146 alia
2272 1104 2390 1147 haud
2415 1116 2554 1159 pauca
2579 1108 2757 1157 taceam,

335 1192 446 1234 quae
472 1180 628 1223 afferre
655 1178 860 1234 temporis
890 1178 1106 1233 augustiis
1129 1177 1376 1234 prohibeor,
1407 1178 1443 1221 si
1469 1177 1653 1233 Seneca,
1685 1177 1729 1220 id
1753 1176 1867 1233 quod
1891 1180 2038 1220 censet
2062 1175 2255 1220 Schmidt
2274 1176 2384 1232 ²⁵⁷),
2412 1191 2490 1232 per
2514 1176 2755 1220 Gallionem

334 1253 511 1296 fratrem
531 1255 637 1296 natu
656 1251 875 1307 maiorem,
899 1263 1037 1306 quem,
1061 1263 1156 1294 cum
1176 1265 1253 1307 pro
1273 1252 1447 1296 consule
1467 1250 1678 1294 Achaiam
1695 1250 1919 1306 obtineret,
1941 1262 2026 1306 qua
2044 1249 2177 1293 animi
2197 1250 2376 1294 lenitate
2394 1249 2633 1294 excellebat
2648 1254 2662 1277 ¹
2674 1250 2757 1308 ⁵⁸),

335 1324 486 1368 eadem
512 1324 557 1367 in
576 1324 713 1367 Paulo
732 1325 928 1378 apostolo
954 1336 1079 1366 usum
1105 1336 1201 1367 esse
1227 1324 1386 1367 scimus
1400 1323 1508 1377 ιΜ’),
1532 1324 1568 1366 si
1594 1324 1773 1378 Seneca,
1797 1323 1984 1378 inquam,
2006 1322 2060 1365 de
2080 1321 2421 1366 Christianorum
2440 1323 2613 1379 placitis
2635 1324 2756 1367 audi-

334 1397 488 1451 visset,
525 1411 611 1440 non
644 1395 810 1451 dubito,
845 1396 949 1450 quin
980 1396 1127 1450 aliquo
1163 1397 1256 1440 loco
1292 1397 1355 1451 id,
1391 1397 1435 1440 in
1469 1409 1552 1451 quo
1584 1408 1751 1439 summa
1783 1395 2004 1438 doctrinae
2028 1395 2238 1439 Paulinae
2262 1396 2403 1451 posita
2428 1401 2509 1451 est,
2543 1397 2755 1440 hominem

336 1471 453 1513 sola
478 1470 590 1514 fide
620 1469 814 1512 iustum
840 1468 982 1523 fieri,
1012 1482 1112 1512 non
1138 1467 1285 1512 bonis
1308 1468 1571 1524 operibus,
1603 1472 2011 1511 commemoraturus
2035 1468 2175 1511 suerit.

562 1542 618 1585 At
644 1542 725 1585 etsi
751 1555 846 1596 eam
872 1541 1069 1584 veritatis
1094 1542 1402 1596 cognitionem,
1438 1541 1560 1585 cuius
1585 1554 1664 1584 nos
1689 1541 1862 1596 quidem
1888 1554 1974 1583 non
1999 1545 2146 1584 nostra
2170 1554 2320 1597 opera,
2356 1542 2433 1585 sed
2469 1543 2539 1586 dei
2576 1544 2756 1587 clemen-

334 1615 491 1659 tissimi
515 1613 657 1670 gratia
681 1617 898 1670 compotes
928 1613 1031 1656 facti
1064 1626 1231 1670 sumus,
1267 1626 1352 1657 non
1385 1617 1450 1657 est
1487 1611 1834 1669 assecutus¹⁶⁰),
1870 1616 2034 1667 tamen,
2071 1613 2173 1668 quia
2208 1614 2299 1657 suis
2335 1613 2454 1657 vitiis
2489 1618 2532 1658 et
2570 1616 2757 1671 peccatis

334 1686 572 1744 perspectis
590 1684 687 1741 161)
725 1685 833 1729 nihil
870 1678 1092 1741 antiquius
1128 1685 1296 1741 habuit,
1331 1698 1459 1741 quam
1497 1690 1541 1729 ut
1578 1691 1619 1729 et
1655 1699 1779 1730 suum
1809 1685 2000 1728 animum
2033 1684 2375 1741 corrigeret¹⁶²)
2408 1691 2451 1730 et
2483 1687 2584 1730 aliis
2609 1700 2757 1731 veram

569 1855 651 1897 154)
675 1852 741 1896 Ep,
767 1856 826 1892 95,
853 1856 906 1887 50.

569 1911 651 1954 155)
675 1908 731 1944 De
757 1907 870 1945 benef.
896 1907 959 1952 IV,
988 1913 1038 1949 19,
1066 1914 1093 1943 1.
1143 1908 1276 1944 Eadem
1301 1908 1476 1944 sententia
1500 1908 1591 1943 inest
1613 1908 1649 1942 in
1674 1907 1740 1942 hoc
1766 1917 1869 1942 versu
1894 1912 2020 1954 poetae
2046 1909 2163 1943 nescio
2187 1909 2306 1943 cuius:

1020 1965 1187 2001 Maiestas
1211 1970 1247 2000 et
1266 1974 1366 2001 amor
1389 1974 1460 2000 non
1484 1974 1555 2001 una
1579 1965 1662 2000 sede
1686 1968 1877 1999 morantur.

338 2027 374 2057 et
398 2023 434 2056 in
459 2022 528 2056 alio
554 2022 709 2056 Senecae
734 2021 812 2055 loco
836 2023 907 2065 (ep.
933 2027 986 2062 47,
1014 2024 1082 2065 18).

568 2079 651 2121 156)
673 2076 789 2112 Aliter
819 2076 951 2112 iudicat
979 2076 1136 2114 Schmidt
1166 2078 1187 2113 l.
1214 2078 1234 2113 1.
1264 2090 1297 2122 p.
1323 2083 1406 2119 319,
1442 2089 1520 2112 cum
1556 2076 1643 2112 haec
1679 2076 1822 2112 scribit:
1860 2076 1990 2115 ..mene
2025 2076 2147 2113 diesen
2184 2076 2412 2114 christlichen
2450 2077 2612 2125 Einflnss
2650 2079 2756 2116 bleibt

340 2133 477 2172 &macca
502 2132 560 2171 ein
585 2130 755 2175 Rullum:
778 2132 855 2171 111111
877 2131 997 2171 dieser
1021 2131 1182 2182 Einslnss
1205 2132 1305 2171 lcmm
1330 2132 1424 2171 mola!
1446 2132 1586 2171 erklart
1612 2132 1787 2171 werden.“

568 2193 648 2233 157)
674 2190 762 2223 lbid.
787 2200 820 2234 p.
844 2195 920 2224 320.

571 2249 653 2288 158)
676 2246 812 2280 Seneca
836 2252 905 2280 nat.
929 2252 1063 2289 quaest.
1081 2247 1141 2281 IV.
1166 2248 1275 2290 praef.
1304 2254 1345 2280 10
1363 2256 1436 2288 sqq.
1460 2247 1580 2280 t‘ratris
1604 2247 1698 2280 illius
1722 2247 1938 2287 comitatem,
1962 2247 2228 2290 incompositam
2252 2247 2476 2288 suavitatem,
2500 2258 2636 2282 morum
2660 2259 2756 2283 ama-

339 2302 512 2338 bilitatem
536 2301 673 2346 magnis
696 2300 861 2337 laudibus
885 2302 1037 2339 efferens
1060 2301 1201 2345 „Nemo
1225 2301 1452 2338 mortalium“
1476 2301 1603 2345 inquit,
1634 2330 1653 2345 .‚
1662 2301 1723 2338 uni
1747 2306 1819 2338 tam
1844 2301 1957 2338 dulcis
1980 2306 2034 2339 est
2058 2312 2163 2347 quam
2186 2301 2245 2339 hic
2268 2301 2472 2340 omnibus“.

567 2359 650 2403 159)
672 2358 750 2393 Act.
772 2363 883 2403 apost.
911 2364 968 2402 18,
995 2364 1034 2395 12
1048 2369 1123 2404 sqq.
1170 2358 1314 2401 Riehm‚
1339 2357 1525 2394 biblisches
1556 2356 1810 2400 Worterbuch,
1836 2368 1869 2403 p.
1895 2364 1972 2394 460.

568 2415 650 2457 160)
674 2413 728 2449 Ne
751 2413 839 2449 illud
864 2414 1005 2458 quidem
1027 2414 1182 2451 Senecae
1212 2414 1374 2459 contigit,
1410 2418 1450 2450 ut
1483 2413 1590 2450 talem
1626 2414 1737 2450 virum
1773 2414 1984 2459 sapientem,
2022 2415 2161 2459 qualem
2197 2415 2462 2459 informaverat,
2499 2416 2534 2451 in
2567 2415 2622 2452 his
2654 2417 2757 2452 terris

338 2472 482 2505 videret.
531 2470 655 2514 Neque
691 2471 726 2503 id
763 2471 898 2504 mirum.
948 2472 1015 2515 Qui
1050 2472 1143 2505 enim
1179 2473 1224 2505 ab
1261 2472 1357 2504 omni
1392 2475 1491 2514 parte
1527 2471 1704 2514 perfectus
1736 2476 1805 2507 est.
1841 2470 1871 2504 is
1905 2469 2028 2505 homo
2065 2481 2180 2515 neque
2209 2471 2276 2505 fuit
2307 2482 2421 2515 neque
2455 2477 2509 2506 est
2540 2482 2653 2516 neque
2685 2473 2758 2506 ullo

338 2537 493 2570 unquam
530 2531 688 2569 tempore
725 2526 802 2560 erit.
857 2525 1022 2561 Ceterum
1057 2532 1154 2571 apte,
1190 2537 1281 2570 quae
1313 2526 1451 2561 Grosch
1482 2526 1525 2560 de
1556 2526 1718 2570 Epicteto
1753 2526 1792 2568 (l.
1816 2526 1836 2560 l.
1866 2537 1900 2570 p.
1926 2528 1988 2571 35)
2019 2527 2118 2569 dicit,
2150 2527 2232 2562 licet
2266 2528 2459 2563 transferre
2495 2529 2531 2563 iu
2566 2528 2755 2564 Senecam:

339 2580 556 2624 „Wakreud
578 2592 619 2616 er
644 2580 840 2628 verqeblick
866 2581 959 2618 nach
984 2581 1063 2619 dem
1090 2581 1305 2630 Schanspiel
1332 2582 1408 2618 sich
1440 2581 1581 2623 selente,
1615 2581 1718 2618 einen
1750 2580 1959 2618 mirlclichen
1992 2580 2133 2619 Weisen
2158 2582 2252 2619 nack
2275 2582 2408 2619 seiuem
2433 2581 2546 2620 Sirene
2568 2594 2613 2620 zu
2636 2583 2756 2627 seben,

338 2637 462 2674 murcie
491 2638 623 2674 bereits
652 2638 699 2672 im
729 2636 963 2675 Romerreich
993 2639 1180 2687 derJeniqe
1211 2639 1429 2686 r’erlceindiqt
1460 2638 1536 2673 und
1564 2627 1739 2680 belcan'nt,
1770 2638 1835 2673 der
1861 2649 1928 2674 von
1959 2639 2035 2674 sich
2059 2649 2174 2686 saqen
2198 2639 2354 2674 Itomae:
2388 2639 2452 2675 Ich
2476 2641 2537 2675 bin
2561 2641 2628 2676 der
2658 2640 2756 2688 Weq.

339 2695 397 2730 dic
428 2694 616 2730 Wahrheit
640 2694 717 2729 mad
738 2695 807 2729 das
829 2695 969 2736 Lebem
991 2696 1056 2730 der
1079 2696 1136 2730 als
1158 2696 1304 2731 maloren-
1330 2694 1477 2729 Meusch
1502 2706 1601 2729 zmar
1622 2700 1799 2735 tranet-te,
1830 2696 1973 2741 seuszte
1995 2696 2072 2730 und
2091 2697 2239 2735 meinte,
2271 2695 2359 2730 aber
2381 2696 2471 2731 doch
2494 2696 2645 2742 qottlich
2667 2697 2760 2732 chte

337 2751 416 2787 und
436 2750 588 2798 qattlich
611 2751 713 2786 ,πανὺ
737 2751 815 2786 und
835 2752 986 2798 yottlicla
1011 2752 1099 2787 iiber
1122 2751 1191 2787 den
1221 2751 1299 2787 Tod
1320 2751 1454 2798 simle:
1477 2750 1542 2786 der
1571 2751 1609 2786 iu
1633 2749 1925 2798 Knechtsqestalt
1949 2750 2008 2786 die
2032 2749 2276 2788 Herrlichlceit
2305 2751 2368 2788 des
2392 2750 2649 2799 Einqebornen
2680 2763 2756 2788 vom

347 2806 458 2844 Vater
481 2805 689 2852 offmbarte
712 2806 790 2843 und
811 2807 904 2849 Aue,
937 2807 995 2843 die
1023 2809 1070 2843 im
1098 2806 1260 2844 Glanben
1287 2808 1387 2843 scine
1413 2806 1557 2842 Bru'idel·
1582 2806 1740 2847 werden,
1771 2818 1838 2842 zur
1867 2806 2069 2843 herrlichen
2093 2807 2254 2844 Freiheit
2278 2808 2344 2845 der
2367 2808 2507 2845 Kinder
2533 2808 2660 2844 Goues
2683 2809 2760 2844 und

340 2874 385 2899 :n
409 2864 525 2899 ciuem
550 2862 708 2899 Frieden
733 2863 872 2905 erhebt,
897 2862 963 2898 cler
986 2862 1100 2898 ludher
1122 2863 1170 2899 ist
1194 2863 1251 2899 als
1273 2862 1344 2898 ulle
1376 2862 1592 2909 Vemunst.“

568 2924 649 2964 181)
673 2921 807 2965 Aperte
831 2929 970 2955 errores
991 2921 1179 2955 confitetur
1201 2920 1245 2954 de
1269 2920 1340 2955 vita
1371 2920 1478 2954 beata
1503 2925 1539 2962 2,
1564 2926 1594 2954 3.
1628 2940 1671 2947 -
1704 2921 1769 2965 Ep.
1794 2926 1830 2961 8,
1858 2926 1896 2955 3:
1933 2921 2108 2963 „Rectum
2139 2923 2220 2965 iter,
2251 2923 2346 2967 quod
2376 2931 2472 2957 sero
2505 2922 2692 2965 cognovi
2724 2926 2757 2956 et

340 2977 487 3011 lassus
511 2976 716 3018 errando,
747 2976 827 3011 aliis
850 2980 1040 3010 monstro.“
1064 2996 1108 3002 -—
1133 2976 1213 3011 Nat.
1237 2980 1372 3020 quaest.
1396 2975 1462 3010 111.
1485 2976 1595 3020 praes.
1620 2982 1658 3011 2:
1695 2977 1862 3018 „Premat
1891 2987 1976 3021 ergo
2005 2982 2167 3013 senectus
2197 2982 2234 3013 et
2257 2978 2387 3013 obiciat
2416 2987 2527 3013 annos
2552 2978 2645 3012 inter
2667 2987 2756 3013 vana

342 3032 461 3068 studia
483 3036 728 3077 consumpt0s;
752 3036 851 3067 tanto
876 3032 989 3076 magis
1013 3042 1202 3077 urgeamus
1226 3036 1262 3067 et
1285 3032 1414 3067 damna
1438 3032 1564 3067 aetatis
1588 3033 1679 3068 male
1703 3037 1888 3078 exemptae
1912 3033 2013 3070 labor
2042 3034 2201 3070 sarciat:“
2249 3034 2347 3069 ldem
2371 3039 2408 3069 et
2437 3034 2559 3079 „apud
2582 3043 2754 3079 gramma·

341 3088 450 3124 ticum
479 3091 619 3133 tempus
649 3097 687 3123 se
717 3087 939 3133 perdidisse“
970 3087 1129 3133 queritur
1158 3089 1229 3133 (ep.
1255 3092 1308 3130 58,
1334 3088 1372 3132 5)
1397 3091 1433 3123 et
1463 3088 1605 3124 omnino
1629 3088 1787 3125 modeste
1818 3088 1862 3124 de
1892 3099 1930 3125 se
1959 3088 2101 3125 iudicat.
2148 3088 2239 3125 Nam
2263 3099 2301 3125 se
2325 3090 2362 3125 in
2385 3089 2491 3125 tertia
2512 3089 2625 3126 classe
2649 3090 2755 3135 proti-

343 3144 510 3178 cientium
534 3144 635 3188 ponit
656 3146 729 3189 (ep.
756 3150 809 3186 75,
836 3147 906 3187 15),
930 3145 1125 3188 sapientem
1149 3153 1187 3178 se
1212 3154 1290 3178 esse
1314 3149 1421 3188 negat
1443 3146 1516 3189 (ep.
1541 3150 1594 3185 57,
1620 3150 1651 3178 3.
1677 3150 1730 3185 89,
1756 3150 1795 3188 23
1821 3145 1866 3179 ad
1890 3145 2052 3180 Helviam
2076 3150 2176 3180 matu
2202 3152 2232 3187 5,
2257 3148 2306 3189 2).

574 3202 658 3245 162)
681 3200 736 3235 De
761 3201 814 3235 ira
838 3201 907 3243 111,
934 3206 994 3243 36,
1020 3206 1040 3235 2
1060 3210 1111 3244 sq.
1158 3200 1375 3244 „Quicquam
1400 3210 1487 3245 ergo
1510 3200 1692 3245 pulchrius
1720 3200 1787 3236 hac
1810 3202 2066 3237 consuetudine
2098 3201 2299 3237 excutiendi
2330 3206 2442 3237 totum
2476 3202 2597 3237 diem?
2633 3201 2755 3247 Qualis

343 3256 403 3292 ille
427 3265 571 3292 somnus
599 3259 680 3301 post
709 3256 986 3302 recognitionem
1011 3256 1066 3293 sui
1096 3256 1280 3302 sequitur?
1312 3266 1417 3302 quam
1446 3256 1675 3302 tranquillus,
1699 3267 1805 3302 quam
1828 3257 1921 3294 altus
1951 3268 1992 3295 ac
2021 3257 2130 3300 liber,
2161 3268 2242 3294 cum
2266 3262 2328 3294 aut
2351 3257 2515 3295 laudatus
2539 3262 2594 3295 est
2616 3258 2755 3294 animus

344 3317 406 3347 aut
430 3312 630 3348 admonitus
654 3317 690 3348 et
713 3313 916 3358 speculator
938 3314 992 3348 sui
1016 3323 1211 3358 censorque
1235 3318 1392 3349 secretus
1424 3313 1604 3357 cognoscit
1634 3313 1678 3347 de
1708 3313 1868 3349 moribus
1896 3315 1998 3350 suis?
2035 3314 2125 3350 Utor
2154 3314 2220 3350 hac
2255 3319 2430 3359 potestate
2453 3319 2490 3350 et
2512 3314 2640 3349 cotidie
2664 3313 2759 3358 apud
