3085 3679
1430 321 1435 322 ff
1510 264 1559 322 18

333 395 449 446 „Ista
484 392 607 436 nobis
637 392 795 447 opponi
825 392 982 447 solent,
1019 398 1066 437 ut
1097 392 1317 448 probetur,
1352 394 1427 436 nil
1462 394 1731 437 voluntati
1767 399 1980 437 nostrae
2015 393 2253 436 relictum
2285 397 2329 436 et
2358 406 2498 436 omne
2529 392 2611 435 ius
2634 391 2745 434 fato

327 464 604 508 traditum.
640 462 748 508 Cum
765 463 821 507 de
840 463 926 507 ista
943 478 990 508 re
1008 468 1174 519 agetur,
1190 464 1344 520 dicam,
1361 464 1720 520 quemadmodum
1740 468 1980 509 manente
2003 464 2116 507 fato
2138 464 2343 518 aliquid
2366 465 2434 508 sit
2451 464 2504 508 in
2520 462 2744 507 hominis

328 535 598 581 arbitrio.“
660 535 767 580 Cum
790 549 893 580 vero
917 550 1028 593 eum,
1051 550 1178 592 quem
1202 551 1249 581 se
1268 538 1525 595 scripturum
1550 537 1746 594 promisit
1768 535 1980 593 libellum,
2003 540 2079 580 aut
2102 536 2196 593 ipse
2217 549 2306 580 non
2335 535 2520 580 ediderit
2542 539 2619 579 aut
2641 539 2745 578 tem-

326 623 478 666 porum
491 609 652 653 iniuria
664 608 886 664 deleverit,
909 610 1183 665 acquiescere
1195 624 1301 655 sane
1313 612 1505 667 cogimur
1517 612 1563 655 in
1575 611 1642 666 iis,
1664 623 1776 666 quae
1791 610 1878 654 alio
1890 611 2006 654 loco¹
2018 612 2035 638 ³
2047 609 2087 664 ⁷)
2106 609 2227 653 dicit:
2255 607 2494 665 „Quicquid
2506 613 2573 652 est
2590 621 2646 651 ex
2666 608 2747 661 his,

328 682 486 738 Lucili,
510 683 600 738 vel,
629 683 666 725 si
691 682 836 725 omnia
854 681 962 725 haec
986 687 1103 738 sunt,
1123 682 1512 739 philosophandum
1537 689 1614 727 est.
1661 684 1762 728 Sive
1786 698 1864 727 nos
1888 682 2144 728 inexorabili
2169 683 2266 737 lege
2301 681 2417 724 fata
2451 681 2746 736 constringunt

327 754 422 799 sive
447 753 652 799 arbiter
674 754 802 798 deus
825 758 979 799 cuncta
1003 753 1194 810 disponit
1217 755 1310 798 sive
1333 767 1485 799 casus
1510 768 1580 799 res
1606 755 1818 801 humanas
1842 757 1936 801 sine
1958 755 2110 800 ordine
2134 754 2318 810 impellit
2340 759 2385 798 et
2407 754 2551 809 iactat,
2575 752 2746 808 philo·

329 827 517 883 sophia
551 841 631 872 nos
661 827 772 871 tueri
798 825 937 871 debet.
996 827 1116 872 Haec
1151 827 1469 883 adhortabitur‚
1504 834 1552 872 ut
1587 828 1668 872 deo
1704 827 1886 873 libenter
1912 841 2160 884 pareamus,
2195 827 2393 871 fortunae
2430 825 2747 871 contumaciter.

328 901 448 943 Haec
483 899 668 954 docebit,
703 904 751 942 ut
789 900 919 943 deum
950 901 1163 955 sequaris,
1198 900 1314 943 feras
1347 901 1528 943 casum.“
1551 901 1644 949 ¹³⁸)
1716 900 1838 952 Quae
1874 901 2007 944 verba
2043 900 2231 944 dubitari
2260 912 2347 943 non
2381 902 2524 954 potest
2561 898 2666 952 quin
2701 898 2746 940 in

328 972 442 1016 hanc
465 971 724 1015 sententiam
749 971 835 1015 sint
860 971 1042 1026 scripta:
1089 971 1191 1015 Sive
1220 972 1355 1016 fatum
1382 976 1552 1026 regnat,
1592 972 1684 1015 sive
1708 973 1854 1015 omnia
1878 985 1906 1015 a
1938 973 2020 1016 deo
2043 972 2251 1027 pendent,
2287 984 2366 1014 nos
2402 974 2547 1014 tamen
2585 968 2747 1013 liberi

329 1057 490 1099 sumus,
513 1043 753 1098 sapientiae
777 1047 820 1087 et
843 1042 990 1086 virtuti
1015 1042 1149 1099 libere
1173 1057 1401 1099 possumus
1426 1043 1612 1098 studere,
1648 1048 1696 1087 ut
1731 1043 1903 1088 beatum
1939 1048 1982 1088 et
2017 1045 2296 1100 tranquillum
2319 1055 2521 1099 paremus
2544 1042 2748 1086 animum.

330 1115 485 1169 (Meier
507 1116 534 1158 l.
559 1115 585 1157 l.
608 1128 651 1169 p.
673 1113 783 1168 134.)

552 1185 658 1241 Sed,
688 1191 734 1228 ut
759 1186 915 1229 iterum
940 1186 997 1229 ad
1021 1186 1156 1229 fatum
1181 1201 1472 1243 recurramus,
1505 1189 1542 1231 si
1583 1189 1689 1241 „dei
1721 1188 1937 1232 sententia
1967 1189 2160 1231 mutari
2192 1202 2291 1231 non
2321 1188 2520 1244 potest“
2550 1185 2654 1241 (nat.
2680 1199 2748 1240 qu.

331 1259 384 1301 11.
410 1256 496 1314 36),
519 1258 623 1314 quid
648 1257 825 1301 tandem
849 1257 1074 1314 proficiunt
1098 1265 1224 1304 vota
1259 1260 1323 1303 ab
1352 1260 1648 1304 hominibus
1678 1260 1960 1316 suscepta?
2018 1260 2273 1314 Videamus,
2292 1260 2397 1315 quid
2420 1259 2502 1303 hac
2524 1258 2579 1302 de
2601 1271 2648 1301 re
2673 1257 2748 1300 Se—

328 1344 437 1375 neca
469 1331 639 1374 sentiat.
702 1331 932 1383 „Permitte
966 1331 1091 1387 mihi,
1127 1333 1265 1389 inquit
1285 1337 1297 1360 ¹
1311 1333 1399 1390 ³⁹),
1433 1334 1552 1376 illam
1588 1334 1773 1389 rigidam
1809 1334 1908 1391 (int.
1943 1331 2205 1387 Stoicorum)
2242 1338 2404 1376 sectam
2439 1331 2549 1375 tueri
2588 1344 2748 1384 eorum,

332 1404 405 1458 qui
431 1403 653 1458 excipiunt
678 1405 764 1447 ista
789 1408 832 1446 et
861 1403 997 1446 nihil
1021 1417 1137 1448 esse
1162 1406 1309 1448 aliud
1341 1419 1489 1460 quam
1525 1419 1716 1460 aegrae
1747 1408 1943 1450 mentis
1977 1406 2175 1450 solatia
2207 1406 2469 1448 existimant.
2525 1404 2658 1446 Fata
2686 1404 2748 1445 in-

331 1475 635 1519 revocabiliter
665 1477 733 1519 ius
770 1490 895 1519 suum
920 1482 1133 1532 peragunt
1165 1490 1261 1520 nec
1291 1478 1380 1520 ulla
1418 1484 1807 1522 commoventur
1839 1492 1979 1534 prece.
2037 1479 2149 1522 Non
2179 1477 2543 1521 misericordia
2580 1476 2748 1530 flecti,

331 1562 433 1591 non
457 1550 634 1602 gratia
658 1549 866 1592 sciunt-⁴⁴
929 1550 1008 1593 His
1032 1550 1291 1593 conferenda
1322 1555 1432 1605 sunt,
1467 1564 1578 1605 quae
1602 1552 1731 1605 paulo
1754 1552 1869 1595 infra
1896 1553 2097 1605 leguntur
2115 1549 2232 1605 ¹⁴⁰):
2266 1550 2411 1603 „Hanc
2435 1550 2481 1605 (i.
2505 1564 2540 1593 e.
2563 1551 2748 1593 necessi-

332 1618 483 1673 tatem)
515 1620 552 1663 si
585 1621 806 1664 sacrificiis
836 1626 912 1663 aut
943 1622 1084 1676 capite
1121 1622 1275 1666 niveae
1312 1635 1452 1676 agnae
1487 1623 1655 1665 exorari
1698 1623 1877 1678 iudicas,
1914 1623 2066 1666 divina
2100 1637 2187 1666 non
2219 1623 2356 1666 nosti“
2397 1622 2561 1665 Rursus
2585 1621 2750 1665 Seneca

333 1692 419 1735 alio
445 1693 538 1736 loco
558 1690 678 1747 ¹⁴¹):
721 1693 835 1745 „Nos
864 1706 1031 1749 quoque
1055 1694 1354 1738 existimamus
1385 1699 1508 1739 vota
1538 1695 1796 1751 proficere
1833 1696 1983 1739 salva
2006 1696 2055 1739 vi
2091 1708 2149 1739 ac
2183 1690 2450 1751 potestate
2477 1695 2745 1738 fatorum.“

334 1764 529 1807 Eandem
557 1765 816 1808 sententiam
842 1764 1017 1808 uberius
1040 1765 1108 1808 his
1130 1766 1274 1809 verbis
1297 1768 1585 1822 persequitur:
1621 1768 1736 1819 „Hoc
1760 1767 1806 1821 (i.
1830 1780 1866 1810 e.
1894 1768 2045 1820 „deum
2069 1767 2177 1810 nihil
2202 1765 2380 1820 agere“)
2416 1767 2488 1821 qui
2512 1767 2636 1821 dicit,
2665 1780 2750 1810 non

334 1836 511 1881 exaudit
547 1837 815 1890 precantium
851 1850 980 1881 voces
1018 1842 1062 1882 et
1100 1838 1288 1891 undique
1326 1839 1508 1883 sublatis
1545 1841 1590 1883 in
1629 1840 1794 1883 coelum
1828 1839 2028 1884 manibus
2059 1844 2162 1883 vota
2185 1839 2454 1892 facientium,
2494 1839 2665 1892 privata
2700 1854 2751 1883 ac

331 1904 517 1963 publica.
576 1905 700 1961 Quod
723 1907 913 1964 profecto
937 1922 1022 1955 non
1047 1906 1188 1966 fieret,
1224 1925 1302 1957 nec
1334 1910 1378 1957 in
1402 1908 1515 1957 hunc
1538 1909 1723 1958 furorem
1748 1926 1896 1958 omnes
1920 1910 2124 1958 mortales
2147 1909 2467 1957 consensissent
2490 1908 2751 1967 adloquendi

333 1979 468 2026 surda
491 1980 669 2026 numina
694 1984 736 2026 et
760 1979 1004 2026 inefficaces
1028 1981 1151 2039 deos,
1176 1983 1260 2028 nisi
1279 1996 1505 2030 nossemus
1524 1984 1694 2029 illorum
1710 1983 1920 2030 beneficia
1943 1998 2058 2030 nunc
2081 1983 2227 2030 oblata
2245 1984 2375 2038 ultro,
2397 1997 2512 2030 nunc
2530 1982 2751 2029 orantibus

334 2052 450 2109 data,
474 2065 645 2109 magna,
660 2053 930 2109 tempestiva,
949 2053 1146 2109 ingentes
1162 2056 1302 2101 minas
1318 2057 1561 2101 interventu
1582 2070 1659 2101 suo
1680 2057 1926 2101 solventia.“
1939 2059 1951 2083 ¹
1966 2055 2034 2112 ⁴⁴²)
2059 2056 2167 2102 Utra
2182 2056 2313 2112 igitur
2331 2056 2546 2101 sententia
2559 2055 2751 2101 Senecae

334 2125 621 2181 praeferenda
643 2125 861 2180 videatur,
886 2138 1046 2182 eorum,
1072 2128 1145 2182 qui
1170 2141 1319 2184 preces
1345 2129 1403 2172 ad
1428 2129 1556 2173 deum
1584 2130 1722 2173 factas
1746 2129 1942 2173 efficaces
1967 2141 2064 2173 esse
2094 2129 2383 2183 affirmant,
2407 2142 2464 2173 an
2489 2142 2654 2185 eorum,
2678 2130 2751 2184 qui

334 2203 549 2253 negant,
574 2198 619 2241 in
643 2197 786 2241 medio
811 2198 1078 2254 relinquitur.

558 2271 650 2313 Nec
672 2271 815 2313 minus
838 2270 990 2314 incerti
1026 2284 1193 2328 sumus,
1229 2287 1324 2316 cum
1355 2274 1619 2329 quaerimuS,
1655 2274 1758 2329 quid
1788 2274 1843 2317 de
1879 2273 2218 2329 providentia
2255 2273 2440 2317 divina
2475 2274 2549 2318 ille
2585 2274 2754 2329 cogitet.

334 2343 604 2397 Quamquam
637 2343 771 2397 enim,
806 2343 853 2385 id
877 2344 990 2397 quod
1020 2349 1151 2388 antea
1175 2345 1490 2401 demonstravi,
1525 2360 1621 2389 cum
1652 2347 1707 2389 de
1738 2347 1942 2389 universa
1963 2347 2035 2389 dei
2059 2351 2216 2389 natura
2239 2347 2515 2401 dissererem,
2547 2347 2753 2390 mundum

334 2415 609 2472 providentia
633 2415 725 2470 regi
755 2428 894 2471 neque
918 2430 1173 2472 quemquam
1198 2418 1268 2461 dei
1294 2418 1595 2463 beneficiorum
1620 2423 1837 2475 expertem
1871 2432 1968 2463 esse
1994 2420 2116 2475 dicit,
2149 2425 2294 2464 tamen
2325 2420 2413 2463 alio
2446 2419 2642 2473 loco¹⁴⁸)
2667 2434 2753 2465 non

334 2489 505 2532 dubitat
529 2488 740 2543 profiteri,
763 2489 869 2532 deos
899 2490 1177 2545 interdum,
1202 2505 1287 2534 non
1313 2505 1482 2547 semper
1505 2493 1771 2547 singulorum
1799 2492 2018 2535 hominum
2049 2493 2231 2536 salutem
2257 2506 2418 2535 curare.

567 2646 649 2686 137)
673 2643 738 2688 Ep.
765 2648 817 2684 16,
842 2649 874 2677 5.
909 2643 1084 2686 Loquitur
1107 2654 1192 2679 sane
1213 2654 1256 2679 eo
1280 2646 1356 2689 ipso
1381 2646 1459 2680 loco
1483 2647 1549 2688 ita,
1573 2648 1674 2690 quasi
1697 2647 1807 2681 fatum
1832 2656 1854 2681 a
1877 2647 1943 2680 deo
1969 2655 2051 2680 non
2074 2646 2281 2690 pendeat.

566 2700 648 2743 138)
672 2698 848 2734 Dubitare
874 2698 1043 2735 Senecam
1063 2700 1143 2736 aliis
1167 2711 1307 2745 quoque
1330 2702 1418 2737 locis
1441 2702 1614 2745 videmus,
1646 2703 1755 2738 veluti
1780 2707 1850 2737 nat.
1874 2707 2007 2746 quaest.
2032 2702 2059 2740 1.
2085 2702 2221 2747 prolog.
2244 2707 2284 2736 3:
2321 2728 2357 2744 „.
2371 2713 2493 2738 ..cum
2517 2702 2631 2745 disco,
2664 2712 2754 2747 quae

336 2753 492 2790 universi
515 2754 666 2790 materia
689 2754 751 2797 sit,
775 2754 854 2799 quis
878 2759 1003 2791 auctor
1024 2760 1087 2792 aut
1108 2760 1243 2799 custos,
1269 2756 1355 2802 quid
1379 2758 1424 2794 sit
1447 2758 1554 2800 deus,
1577 2763 1673 2795 totus
1696 2759 1733 2794 in
1757 2768 1795 2794 se
1819 2758 1979 2794 intendat
2002 2768 2048 2794 an
2072 2757 2118 2794 ad
2142 2768 2207 2794 nos
2230 2756 2419 2802 aliquando
2443 2757 2624 2803 respiciat,
2648 2757 2756 2794 faciat

334 2809 464 2844 cotidie
488 2809 623 2854 aliquid
652 2819 698 2844 an
727 2810 836 2844 semel
871 2810 1008 2853 fecerit,
1045 2821 1128 2856 pars
1164 2813 1286 2847 mundi
1321 2814 1367 2848 sit
1402 2823 1448 2848 an
1483 2815 1650 2857 mundus,
1685 2815 1817 2849 liceat
1852 2815 1922 2849 illi
1957 2814 2178 2858 hodieque
2215 2815 2457 2849 decernere
2491 2818 2533 2849 et
2568 2824 2619 2849 ex
2657 2815 2756 2859 lege

335 2864 529 2957 gastorum
566 2865 734 2911 aliquid
770 2865 982 2911 derogare
1018 2877 1070 2903 an
1105 2868 1352 2905 maiestatis
1385 2869 1624 2905 diminutio
1656 2872 1713 2907 sit
1737 2876 1778 2906 et
1801 2871 2021 2907 confessio
2051 2871 2219 2907 erroris
2242 2871 2448 2906 mutanda
2470 2870 2756 2914 fecisse....‘⁴·

381 2948 388 2956 .
414 2921 480 2967 Ep.
509 2928 582 2966 110,
609 2929 638 2959 2.

567 2981 650 3024 139)
675 2979 757 3015 Nat.
780 2984 916 3025 quaest.
939 2980 993 3023 ΙΙ,
1017 2985 1078 3024 35,
1105 2987 1119 3016 1
1136 2991 1186 3026 sq.

568 3037 651 3079 140)
675 3036 764 3071 Ibid.
787 3036 841 3079 11,
867 3043 921 3072 36.

567 3093 650 3136 141)
672 3091 767 3128 Ibid.
790 3097 844 3135 37,
869 3099 899 3128 2.
966 3107 968 3109 ¹

566 3150 648 3193 142)
672 3147 729 3183 De
754 3148 872 3184 benef.
896 3148 960 3190 IV,
986 3154 1022 3191 4,
1049 3155 1078 3184 2.

568 3205 650 3247 143)
674 3203 739 3248 Ep.
764 3210 819 3246 95,
843 3209 907 3240 5οὲ
944 3206 1209 3247 „...interdum
1238 3207 1367 3243 curiosi
1396 3208 1644 3251 singulorum.“
1693 3208 1746 3244 Cf.
1771 3209 1836 3254 Ep.
1862 3217 1941 3247 110.
1966 3216 2003 3244 2:
2039 3210 2194 3251 „Postea
2218 3209 2426 3249 videbimus,
2459 3219 2505 3243 an
2534 3214 2669 3245 tantum
2706 3211 2760 3246 dis

337 3265 454 3349 guest,
492 3265 530 3294 ut
556 3260 772 3349 plastorum
796 3262 940 3306 negotia
967 3267 1175 3306 procurent:
1211 3263 1351 3299 interim
1379 3264 1467 3299 illud
1498 3265 1601 3306 scito,
1632 3266 1705 3300 sive
1736 3266 1959 3310 adsignati
1990 3277 2110 3302 sumus
2146 3266 2218 3300 sive
2255 3265 2447 3309 neglecti
2483 3271 2519 3300 et
2554 3266 2760 3302 fortunae

368 3315 532 3355 ati....“
634 3342 642 3349 .
666 3315 710 3350 de
734 3326 830 3361 prov.
855 3323 885 3358 3,
912 3324 939 3352 1.
