3085 3679
1557 252 1581 290 4

581 379 723 434 Atque
746 379 860 423 hane
882 382 1180 435 quaestionem
1204 382 1396 426 Senecae
1421 382 1504 438 ipsi
1528 383 1702 437 ingenio
1727 383 1915 426 humano
1938 383 2239 437 dignissimam
2264 399 2361 430 esse
2384 387 2542 441 visam,
2564 397 2659 429 meo
2682 384 2776 427 iure

356 463 411 492 ex
434 451 490 493 iis
514 450 664 494 videor
687 453 889 507 colligere
896 485 908 509 ,
932 467 1044 508 quae
1067 455 1238 511 scripsit
1261 455 1307 498 in
1330 455 1592 497 naturalium
1616 455 1916 509 quaestionum
1940 456 1967 497 l.
1986 455 2008 497 I
2030 458 2165 511 praef.
2190 458 2229 514 (1
2254 458 2358 513 sq.):
2399 459 2640 511 „Quantum
2664 457 2776 499 inter

355 522 674 578 philosophiam
699 526 879 568 interest
903 531 946 568 et
972 531 1141 569 ceteras
1165 533 1299 582 artes,
1334 532 1501 570 tantum
1526 527 1735 570 interesse
1765 528 1961 570 existimo
1997 521 2044 570 in'
2080 529 2177 584 ipsa
2208 531 2482 586 philosophia
2510 532 2622 574 inter
2655 530 2777 572 illam

355 600 544 651 partem,
580 609 691 651 quae
726 597 789 640 ad
824 598 1078 652 homines,
1113 605 1157 643 et
1193 600 1321 653 hane,
1356 613 1467 654 quae
1503 600 1566 643 ad
1603 601 1728 643 deos
1761 600 1958 655 pertinet.
2030 600 2171 644 Altior
2206 603 2314 647 haec
2348 608 2415 647 est
2451 608 2495 647 et
2531 602 2775 646 animosior.

354 668 594 723 Denique
636 674 838 713 tantum
879 671 1019 714 inter
1066 672 1195 715 duas
1240 673 1481 727 interest,
1526 679 1770 727 quantum
1814 672 1950 716 inter
1992 673 2145 717 deum
2188 680 2238 719 et
2279 676 2550 721 hominem.
2625 674 2775 718 Altera

354 741 496 798 docet,
520 742 624 797 quid
646 742 693 786 in
718 743 845 787 terris
869 744 1086 799 agendum
1112 745 1185 799 sit,
1220 746 1377 799 altera,
1419 746 1522 800 quid
1546 751 1704 800 agatur
1739 747 1783 789 in
1821 746 1949 789 coelo.
2008 746 2159 790 Altera
2196 762 2362 793 errores
2397 755 2565 794 nostros
2602 746 2774 791 discutit

354 819 398 858 et
420 816 565 859 lumen
588 815 809 870 admovet,
832 830 917 871 quo
939 816 1237 872 discernantur
1260 818 1465 872 ambigua
1492 819 1629 873 vitae,
1665 819 1839 862 altera
1867 819 2029 862 multo
2065 834 2220 875 supra
2259 821 2404 876 hanc,
2435 823 2480 865 in
2510 835 2607 876 qua
2628 820 2773 862 voln-

356 893 543 942 tamur,
580 889 864 944 caliginem
900 890 1109 934 excedit
1146 896 1194 934 et
1231 904 1255 934 e
1291 890 1525 935 tenebris
1560 897 1773 946 ereptos
1807 891 2055 946 perducit
2090 892 2202 947 illo‘,
2240 894 2373 938 unde
2409 896 2587 939 lucet.“

577 960 765 1005 Tantum
796 966 941 1006 autem
971 976 1067 1006 cum
1092 963 1166 1007 ille
1196 977 1338 1006 rerum
1368 962 1612 1007 divinarum
1644 963 1957 1008 investitationi
1992 962 2171 1019 tribuat,
2206 972 2539 1011 consentaneum
2566 971 2629 1010 est
2665 978 2774 1019 eum,

352 1046 461 1088 quas
483 1033 653 1076 falsas
686 1035 913 1090 opiniones
935 1040 1198 1091 pervagatas
1223 1049 1318 1079 esse
1341 1036 1583 1091 intellegat,
1618 1050 1713 1090 eas,
1747 1042 1954 1091 quantum
1977 1038 2134 1092 possit,
2157 1039 2347 1082 eximere
2370 1039 2543 1083 studere
2566 1053 2620 1082 ex
2642 1051 2772 1094 popu·

352 1106 508 1148 larium
531 1106 701 1148 animis.
758 1107 1015 1161 Indignatur
1039 1108 1187 1162 igitur,
1222 1109 1607 1164 quotienscunque,
1648 1123 1758 1163 quae
1781 1114 1967 1165 poetae
2007 1110 2063 1152 de
2087 1110 2156 1152 dis
2180 1116 2485 1166 narraverunt,
2517 1111 2773 1154 recordatur.

357 1177 470 1232 „Sic,
500 1178 657 1233 inquit,
687 1183 856 1221 vestras
874 1179 1235 1223 hallucinationes
1259 1179 1441 1235 fero,¹⁰)
1474 1182 1832 1235 quemadmodum
1852 1182 2052 1236 Juppiter
2070 1182 2259 1237 optimus
2288 1184 2502 1225 maximus
2541 1182 2772 1238 ineptias

352 1255 645 1305 poetarum,
669 1264 849 1305 quorum
873 1253 987 1294 alius
1012 1253 1076 1294 illi
1101 1255 1197 1295 alas
1222 1254 1436 1308 imposuit,
1460 1255 1574 1295 alius
1600 1268 1773 1308 cornua,
1801 1255 1915 1296 alius
1944 1255 2184 1296 adulterum
2210 1256 2330 1297 illum
2358 1256 2530 1298 induxit
2553 1262 2596 1298 et
2619 1255 2771 1297 abnoc-

356 1328 539 1376 tantem,
564 1324 678 1364 alius
703 1337 882 1365 saevum
905 1326 950 1366 in
975 1325 1096 1379 deos,
1126 1328 1240 1367 alius
1264 1327 1456 1379 iniquum
1482 1327 1525 1367 in
1551 1327 1763 1379 homines,
1797 1328 1911 1368 alius
1935 1332 2151 1380 raptorum
2176 1328 2459 1379 ingenuorum
2484 1333 2771 1381 corruptorem

354 1400 395 1438 et
433 1400 711 1449 cognatorum
754 1396 947 1450 quidem,
990 1398 1104 1440 alius
1147 1398 1407 1453 parricidam
1453 1404 1494 1439 et
1537 1399 1656 1451 regni
1696 1399 1828 1442 alieni
1872 1399 2125 1453 paternique
2166 1406 2517 1454 expugnatorem.
2575 1398 2772 1451 Quibus

353 1467 488 1511 nihil
512 1469 663 1511 aliud
688 1475 858 1513 actum
884 1469 929 1523 (i.
947 1484 983 1513 e.
1008 1468 1226 1524 effectum)
1253 1475 1350 1524 est,
1385 1485 1534 1524 quam
1561 1477 1613 1513 ut
1638 1472 1804 1525 pudor
1835 1471 2133 1515 hominibus
2167 1473 2422 1526 peccandi
2457 1474 2772 1524 demeretur,

351 1541 394 1583 si
434 1542 572 1584 tales
607 1541 732 1584 deos
768 1542 1168 1585 credidissent.“
1191 1542 1258 1595 ¹¹)
2528 1535 2540 1540 ”

352 1677 607 1721 voluptates
631 1679 805 1710 nostras
836 1674 1087 1717 traducere,
1112 1675 1295 1710 laudare
1319 1681 1488 1710 castum
1511 1686 1686 1721 corpus,
1717 1676 1906 1711 sobriam
1937 1686 2138 1717 mensam,
2169 1687 2318 1721 puram
2348 1683 2531 1713 mentem
2560 1685 2641 1710 nou
2677 1680 2771 1709 tan·

351 1739 437 1768 tum
470 1733 524 1768 ab
557 1732 750 1767 inlicitis
774 1731 1104 1775 voluptatibus,
1136 1732 1214 1766 sed
1239 1733 1370 1766 etiam
1395 1733 1702 1776 supervacuis,
1727 1733 1903 1767 libebat
1932 1733 2300 1768 circumscribere
2324 1735 2466 1777 gulam
2490 1744 2537 1769 ac
2561 1737 2771 1767 ventrem.

350 1787 438 1824 Inde
460 1786 548 1824 mihi
571 1786 745 1833 quaedam
768 1795 1011 1831 permansere,
1041 1785 1165 1824 Lucili.
1214 1786 1344 1832 Magno
1369 1787 1462 1823 enim
1485 1788 1522 1823 in
1547 1788 1665 1824 omnia
1687 1788 1830 1833 inceptu
1855 1797 2029 1824 veneram.
2065 1787 2206 1824 Deinde
2230 1789 2276 1824 ad
2299 1788 2451 1825 civitatis
2473 1788 2580 1824 vitam
2603 1787 2773 1824 reductus

353 1853 398 1879 ex
421 1844 511 1880 bene
535 1843 670 1889 coeptis
693 1852 808 1888 pauca
830 1842 987 1887 servavi3
1017 1842 1099 1878 inde
1122 1843 1249 1879 ostreis
1273 1842 1472 1889 boletisque
1501 1843 1538 1878 in
1562 1852 1700 1879 omnem
1725 1844 1831 1879 vitam
1854 1844 2095 1880 renuntiatum
2118 1849 2182 1881 est.
2230 1844 2305 1881 Nec
2328 1844 2422 1880 enim
2444 1844 2532 1887 cibi,
2564 1844 2628 1880 sed
2651 1843 2769 1879 oblec-

350 1905 507 1936 tamenta
539 1905 623 1936 sunt
652 1899 697 1935 ad
728 1899 905 1934 edendum
934 1904 1074 1935 saturos
1103 1900 1280 1944 cogentia,
1313 1900 1407 1944 quod
1437 1900 1675 1945 gratissimum
1704 1905 1759 1935 est
1789 1901 1956 1937 edacibus
1986 1906 2021 1936 et
2050 1911 2089 1936 se
2120 1902 2214 1937 ultra
2237 1912 2343 1946 quam
2366 1902 2511 1947 capiunt
2532 1900 2771 1942 sarcientibus,

351 1956 453 1992 facile
477 1956 708 1997 descensura,
732 1955 836 1991 facile
856 1955 1023 1991 reditura.
1069 1956 1157 1991 lnde
1181 1956 1217 1991 in
1241 1966 1381 1991 omnem
1405 1953 1512 1991 vitam
1535 1962 1717 2001 unguento
1741 1957 1973 1999 abstinemus,
2005 1958 2172 2001 quoniam
2195 1959 2348 2002 optimus
2371 1958 2460 1992 odor
2482 1958 2518 1992 in
2543 1967 2690 2002 corpore
2719 1963 2772 1991 est

350 2012 478 2049 nullus.
524 2011 611 2048 Inde
642 2011 724 2048 vino
755 2020 881 2048 carens
912 2010 1123 2048 stomachus.
1170 2011 1257 2047 Inde
1286 2012 1322 2047 in
1353 2021 1491 2048 omnem
1524 2012 1631 2048 vitam
1662 2012 1829 2049 balneum
1859 2012 2026 2058 fugimus,
2063 2012 2260 2058 decoquere
2290 2024 2418 2059 corpus
2450 2018 2555 2058 atque
2586 2013 2770 2049 exinanire

349 2067 538 2104 sudoribus
573 2067 699 2104 inutile
734 2067 838 2104 simul
873 2066 1131 2113 delicatumque
1166 2068 1372 2105 crediimus:
1409 2072 1528 2104 cetera
1563 2068 1721 2113 proiecta
1754 2068 1950 2112 redierunt,
1985 2069 2035 2105 ita
2068 2074 2202 2112 tamen,
2237 2075 2294 2113 ut,
2327 2079 2477 2115 quorum
2516 2068 2767 2105 abstinentiam

354 2125 542 2168 interrupi,
566 2125 710 2159 modum
734 2134 870 2159 servem
893 2129 931 2158 et
953 2124 1096 2168 quidem
1119 2125 1357 2159 abstinentiae
1381 2124 1647 2169 proximiorem,
1672 2126 1790 2160 nescio
1814 2135 1860 2160 an
1884 2126 2148 2161 difficiliorem.“
2183 2126 2263 2171 (Ep.
2283 2132 2358 2168 108,
2385 2131 2425 2159 13
2442 2128 2534 2169 sqq.)

576 2179 651 2225 Nec
685 2190 769 2216 vero
805 2191 914 2216 unum
948 2180 1122 2222 Attalum,
1159 2181 1222 2217 sed
1257 2181 1505 2217 universam
1540 2180 1784 2218 Stoicorum
1819 2182 2041 2227 disciplinam
2076 2182 2270 2218 honorifice
2294 2181 2431 2218 Seneca
2460 2182 2682 2224 memoravit,
2718 2182 2768 2217 ita

349 2235 507 2281 quidem,
532 2240 573 2272 ut
594 2236 687 2273 inter
709 2235 847 2272 Stoicos
870 2240 908 2272 et
929 2240 1067 2271 ceteros
1090 2235 1301 2282 sapientiam
1324 2237 1503 2283 professos
1527 2243 1664 2274 tantum
1688 2238 1858 2275 interesse
1883 2238 2031 2281 diceret,
2066 2243 2235 2284 quantum
2272 2238 2364 2274 inter
2399 2246 2515 2273 mares
2549 2243 2585 2273 et
2620 2237 2767 2275 feminas

348 2293 410 2337 (de
434 2293 633 2329 constantia
656 2302 730 2338 sap.
755 2292 789 2335 Ι,
816 2298 851 2336 13
888 2293 977 2328 alios
998 2293 1111 2334 locos,
1146 2293 1207 2337 qui
1230 2293 1299 2328 huc
1323 2294 1511 2338 pertinent,
1535 2294 1654 2330 attulit
1671 2295 1789 2331 Zeller
1812 2295 1891 2332 hist.
1916 2296 2042 2341 philos.
2067 2295 2191 2331 Graec.
2217 2295 2282 2337 111,
2310 2302 2338 2329 1.
2363 2295 2416 2329 ed.
2444 2300 2473 2329 2.
2503 2305 2535 2339 p.
2561 2296 2653 2339 ⁶18).
2700 2295 2770 2330 Sed

348 2358 561 2392 quamquam
584 2348 721 2383 Stoicos
755 2349 868 2383 multa
901 2359 981 2383 cum
1013 2349 1119 2383 laude
1154 2355 1419 2390 commemorat,
1454 2354 1573 2384 tamen
1612 2351 1842 2385 admiratione
1878 2362 2001 2386 eorum
2038 2352 2127 2386 adeo
2161 2361 2232 2385 non
2266 2356 2484 2393 occaecatur,
2520 2355 2559 2384 ut
2591 2350 2768 2385 minime

349 2403 400 2440 ad
423 2415 551 2440 unum
575 2403 765 2449 aliquem
790 2414 841 2440 ex
864 2415 1009 2441 eorum
1034 2404 1301 2451 proceribus
1334 2415 1376 2441 se
1401 2406 1575 2451 alliget.
1612 2406 1685 2441 sed
1720 2407 1854 2442 etiam
1889 2407 1974 2443 sibi
2010 2407 2220 2444 censendi
2251 2408 2317 2442 ius
2348 2417 2444 2442 esse
2477 2406 2674 2443 affirmet
2706 2407 2767 2452 (de

348 2461 420 2496 vita
454 2461 561 2497 beata
595 2461 668 2504 111,
704 2462 752 2506 2),
788 2461 838 2496 sic
874 2465 1048 2504 statuens,
1088 2462 1274 2497 nondum
1310 2467 1567 2507 occupatam
1612 2472 1706 2498 esse
1744 2464 1988 2506 veritatem,
2031 2468 2210 2500 multum
2247 2474 2291 2498 ex
2326 2464 2405 2499 illa
2442 2464 2571 2498 etiam
2605 2463 2769 2499 futuris

348 2518 555 2553 relictum
585 2527 682 2553 esse
706 2517 789 2563 (Ep.
813 2524 867 2558 83,
895 2519 942 2561 1).
989 2518 1099 2561 „Nam
1136 2518 1165 2552 si
1201 2528 1384 2563 semper,
1419 2520 1548 2563 inquit,
1578 2520 1710 2554 unius
1741 2521 1946 2564 sequitur
1974 2522 2254 2563 sententiam,
2290 2521 2419 2555 nonin
2444 2520 2566 2555 curia
2601 2526 2669 2562 est,
2705 2522 2768 2556 sed

349 2574 385 2608 in
410 2574 647 2611 factiosis“
678 2574 740 2620 (de
764 2574 837 2608 otio
860 2573 931 2617 111,
959 2575 1004 2618 1).
1052 2575 1131 2620 Qua
1160 2574 1301 2618 quidem
1338 2574 1458 2610 iudicii
1493 2575 1655 2611 libertate
1685 2576 1820 2611 Seneca
1847 2578 1897 2612 ita
1926 2578 2051 2621 utitur,
2089 2584 2128 2613 ut
2163 2583 2214 2620 et.
2250 2577 2551 2622 quotienscunque
2575 2576 2641 2622 ipsi
2672 2578 2768 2614 aliud

348 2631 465 2674 placet
499 2636 605 2677 atque
640 2632 726 2674 illis,
762 2641 882 2666 suam
913 2632 1123 2667 sententiam
1148 2632 1265 2667 dicere
1297 2641 1367 2666 non
1391 2637 1569 2673 vereatur,
1602 2638 1652 2669 et.
1685 2643 1914 2677 quaecunque
1938 2635 1983 2669 ab
2007 2636 2086 2670 aliis
2111 2640 2205 2670 recte
2229 2633 2386 2678 praecipi
2411 2633 2480 2668 sibi
2503 2635 2694 2677 persuasit,
2725 2644 2768 2670 ea

349 2687 495 2722 laudare
521 2697 592 2723 non
617 2688 772 2731 dubitet;
798 2699 828 2723 v.
852 2687 972 2723 Zeller
994 2688 1017 2723 l.
1040 2688 1061 2723 1.

575 2745 635 2787 10)
658 2743 756 2779 Haec
772 2743 908 2779 Seneca
929 2744 1124 2789 sapientem
1148 2744 1283 2778 inducit
1305 2744 1479 2778 dicentem
1503 2744 1547 2778 de
1573 2745 1644 2779 vita
1668 2746 1771 2781 beata
1791 2751 1844 2788 26,
1864 2752 1892 2780 6.
1939 2746 2076 2781 Similia
2098 2751 2196 2788 sunt,
2221 2755 2311 2791 quae
2336 2745 2503 2790 leguntur
2525 2746 2569 2781 de
2596 2746 2765 2782 brevitate

349 2799 440 2834 vitae
464 2805 519 2841 16,
542 2806 580 2834 5:
617 2799 724 2842 „Inde
748 2800 853 2835 etiam
876 2805 1061 2844 poetarum
1084 2801 1184 2836 furor
1207 2800 1336 2835 fabulis
1360 2801 1533 2835 humanos
1557 2810 1697 2837 errores
1720 2803 1888 2837 alentium
1913 2821 1956 2829 —
1982 2816 2044 2837 -ε
2070 2802 2156 2846 quid
2179 2801 2276 2837 aliud
2301 2806 2356 2836 est
2378 2801 2462 2836 vitia
2494 2808 2614 2838 nostra
2647 2803 2763 2838 incen-

355 2854 439 2890 dere
464 2864 571 2900 quam
595 2859 759 2892 auctores
781 2856 851 2893 illis
873 2856 1067 2892 inscribere
1091 2855 1177 2892 deos
1201 2860 1237 2891 et
1260 2855 1346 2892 dare
1370 2855 1493 2892 morbo
1517 2856 1678 2902 exemplo
1702 2857 1894 2894 divinitatis
1918 2862 2121 2895 excusatam
2143 2858 2350 2895 licentiam“.

583 2912 643 2954 11)
666 2910 765 2946 Idem
788 2912 902 2956 poetis
926 2921 949 2946 a
971 2913 1187 2947 Graecorum
1211 2910 1432 2957 philosophis
1454 2911 1665 2956 exprobrari
1690 2912 1865 2949 videmus:
1896 2923 1966 2958 quo
1990 2914 2025 2949 in
2050 2924 2197 2950 numero
2222 2919 2276 2950 est
2300 2913 2553 2959 Xenophanes,
2578 2914 2678 2949 cuius
2703 2915 2766 2951 hos

349 2975 471 3001 versus
496 2966 626 3001 Sextus
649 2966 836 3011 (adversus
861 2967 1129 3003 Mathematicos
1153 2968 1186 3010 1,
1214 2970 1296 3012 193)
1320 2968 1489 3003 servavit:

1006 3023 1128 3060 πάντα
1152 3027 1253 3065 θεοῖς
1276 3023 1465 3068 ἀνέθηκαν
1480 3022 1639 3072 Ὅμηρός
1662 3024 1689 3060 τ’
1712 3022 1881 3066 ἹΙσίοδός
1905 3039 1952 3063 τε.

1008 3080 1101 3117 ὅσσα
1126 3084 1202 3125 παῤ
1226 3080 1482 3129 ἀνθρώποισιν
1505 3081 1649 3117 ὀνείδεα
1675 3086 1733 3116 καὶ
1765 3082 1880 3130 ψόγος
1902 3084 2013 3127 cartu,

1004 3140 1040 3174 οἳ
1062 3137 1198 3174 πλεῖστ’
1224 3138 1457 3185 ἐφθέγξαντο
1488 3140 1590 3174 θεῶν
1618 3138 1814 3186 ἀθεμίστια
1839 3141 1942 3187 ἔργα,

1006 3197 1189 3236 κλέπτειν,
1219 3192 1406 3239 μοιχεύειν
1429 3207 1467 3229 τε
1491 3198 1552 3229 καὶ
1575 3194 1751 3238 ἀλλήλους
1773 3193 1980 3231 arranem.

347 3245 400 3283 (Jf.
425 3246 544 3284 Zeller
567 3246 595 3283 1.
619 3258 652 3293 p.
675 3254 751 3285 454.
799 3249 841 3285 ln
865 3251 1014 3288 eandem
1038 3250 1247 3287 sententiam
1271 3249 1379 3286 locuti
1410 3255 1492 3286 sunt
1516 3250 1790 3298 Pythagoras
1819 3251 1955 3297 (Zeller
1978 3252 2005 3288 1.
2032 3255 2126 3294 396).
2158 3249 2410 3286 Heraclitus
2439 3250 2494 3296 (Z.
2519 3250 2545 3286 Ι.
2571 3257 2646 3295 530,
2668 3254 2766 3296 4593),

348 3303 473 3339 l'lato
497 3303 555 3350 (Z.
572 3304 617 3339 11.
642 3314 673 3350 p.
694 3309 773 3341 788.
799 3305 950 3363 θάψω.
998 3306 1205 3343 Rectissime
1229 3306 1337 3352 igitur
1361 3307 1539 3343 Auberlen
1564 3306 1667 3344 l.l.1.
1692 3318 1724 3354 p.
1742 3313 1796 3346 91,
1819 3308 1975 3355 scripsit:
2013 3306 2121 3354 „Dem
2149 3305 2258 3343 Plato
2281 3306 2366 3342 sirm
2379 3307 2424 3354 ja
2449 3305 2507 3343 die
2529 3306 2765 3355 ciyentlicloeen
