3085 3679
1503 242 1635 299 ¹5*

323 374 536 430 esse¹¹⁶),
559 374 681 418 cuius
704 372 1027 428 depravationis
1050 384 1206 416 causa
1230 372 1276 416 in
1299 372 1598 428 opinionum
1621 371 1859 416 vanitate
1883 370 1938 414 sit
1961 369 2224 426 posita¹²⁷)‚
2249 375 2295 414 ut
2319 371 2357 414 is
2379 370 2551 415 demum
2570 368 2726 424 corrigi

321 450 510 509 possit,
533 447 606 503 qui
624 460 671 491 se
688 459 868 502 peccare
893 445 1042 489 sciat.
1058 448 1073 472 ¹
1086 447 1098 472 ¹
1113 444 1153 500 ⁸)
1195 444 1402 498 Quamvis
1418 450 1563 490 autem
1580 446 1626 489 in
1644 443 1881 489 visceribus
1897 443 2117 488 hominum
2141 444 2302 487 malum
2325 443 2476 488 sedere
2495 442 2726 487 contendat

322 522 440 579 (adn.
461 518 572 576 113),
595 519 743 563 divino
766 518 929 562 semine
952 531 1027 562 eos
1051 522 1166 562 ortos
1190 532 1286 562 esse
1309 517 1425 562 dicit.
1445 516 1541 573 119)
1599 518 1833 561 Praeterea
1857 531 2033 561 verum
2057 517 2194 559 seire
2218 520 2348 570 negat
2370 517 2478 559 satis
2500 530 2615 571 esse,
2640 515 2725 559 nisi

320 594 418 649 quis
447 597 561 636 recte
591 589 883 646 faciat120),
913 590 1030 634 vitae
1058 604 1144 634 non
1178 591 1384 647 longae,
1419 590 1497 634 sed
1527 589 1658 633 bene
1680 594 1834 633 actae
1866 589 2094 645 plurimum
2118 587 2390 632 tribuendum
2414 601 2510 631 esse
2539 588 2725 644 ait121),

320 666 557 709 honestis
592 664 765 721 quidem
800 663 970 718 gaudiis
1002 664 1085 706 frui
1121 661 1378 719 licere122),
1414 663 1491 707 sed
1524 676 1671 707 veram
1709 663 2025 712 felicitatem
2063 676 2149 706 non
2184 663 2369 718 positam
2409 675 2505 706 esse
2530 662 2575 704 in
2597 661 2725 706 rebus

323 878 497 912 naturae“
520 873 746 919 conqueritur
769 876 805 908 et
827 874 899 917 (ep.
924 877 977 914 92,
1003 872 1063 915 28)
1086 875 1185 907 tanta
1208 871 1293 907 vitia
1316 875 1438 908 nostra
1459 883 1537 909 esse
1560 872 1729 915 affirmat,
1753 877 1792 908 ut
1815 872 1860 907 ad
1883 871 2163 916 desperationem
2188 881 2253 907 nos
2276 870 2481 915 perducant.
2528 870 2609 911 His,
2633 879 2723 914 quae

324 942 369 967 ex
396 931 530 967 Seneca
554 930 750 972 attulimus,
779 938 1021 974 comparemus
1045 927 1111 963 hos
1133 927 1365 973 Euripidis
1388 927 1499 974 (Med.
1523 940 1553 964 v.
1579 934 1666 964 1067
1684 932 1776 973 sqq.)
1800 938 1940 964 versus:

1105 998 1206 1040 „Kaz
1239 993 1421 1043 μανθάνω
1450 997 1522 1041 μὲν
1557 990 1616 1032 οἷα
1648 996 1744 1043 δρᾶν
1773 998 1894 1042 μέλλω
1919 995 2026 1040 κακά,

1112 1051 1235 1099 Θυμός
1257 1052 1299 1087 δὲ
1323 1055 1502 1099 κρείσσων
1524 1054 1600 1087 τῶν
1621 1053 1724 1100 ἐμῶν
1744 1049 2019 1099 βουλευμάτων,

1109 1107 1223 1155 ὅσπερ
1245 1112 1433 1154 μεγίστων
1456 1113 1570 1147 αἴτιος
1592 1111 1718 1142 κακῶν
1738 1112 1921 1156 βροτοῖς“,

324 1171 361 1202 et
383 1165 498 1201 Ovidii
521 1165 621 1209 (Met.
645 1165 735 1206 Vll,
762 1172 801 1200 19
821 1167 928 1208 sqq.):
1856 1171 1861 1175 ·

1387 1219 1586 1266 „Aliudque
1613 1219 1749 1266 cupido,

1025 1285 1124 1310 mens
1148 1276 1243 1310 aliud
1267 1276 1410 1318 suadet3
1434 1277 1536 1311 video
1558 1277 1706 1310 meliora
1727 1276 1921 1320 proboque.

1020 1332 1197 1367 deteriora
1219 1337 1378 1376 sequor.“

324 1394 423 1430 Alios
455 1394 550 1431 locos
579 1393 698 1430 attulit
725 1393 766 1428 E.
797 1393 841 1429 de
873 1393 1028 1430 Lasaulx
1062 1393 1099 1429 in
1132 1403 1175 1429 eo
1202 1392 1339 1436 libello,
1374 1393 1434 1438 qui
1467 1393 1690 1429 inscribitur:
1726 1393 1796 1435 „de
1832 1393 1954 1428 mortis
1989 1392 2170 1427 dominatu
2205 1393 2241 1427 in
2277 1397 2439 1428 veteres“
2475 1392 2516 1437 (l.
2539 1392 2559 1427 L
2583 1402 2616 1436 p.
2637 1393 2730 1435 470.)

325 1451 368 1485 111
392 1451 539 1486 eandem
563 1451 772 1486 sententiam
796 1450 928 1485 Paulus
951 1449 1131 1494 apostolus
1153 1451 1224 1494 (ep.
1249 1449 1294 1483 ad
1316 1448 1417 1484 Rom.
1440 1449 1528 1492 Vll,
1556 1456 1597 1485 14
1621 1451 1689 1494 sq.)
1712 1449 1801 1485 haec
1823 1449 1979 1493 scripsit:
2006 1475 2013 1483 .
2035 1477 2041 1484 .
2061 1475 2068 1482 .
2089 1452 2323 1497 πεπραμένος
2347 1448 2417 1485 ὑπὸ
2443 1447 2510 1498 τὴν
2533 1447 2729 1495 ἁμαρτίαν.

314 1503 361 1541 ‘¹0
382 1506 454 1552 γὰρ
480 1504 762 1553 κατεργάζομαι,
789 1504 832 1540 οὐ
855 1503 1062 1551 γιγνώσκω·
1088 1505 1131 1541 οὐ
1155 1504 1227 1553 γὰρ
1255 1502 1275 1541 ὃ
1295 1508 1403 1549 θέλω,
1429 1508 1534 1541 τοῦτο
1559 1504 1725 1553 πράσσω,
1750 1505 1823 1540 ἀλλ’
1851 1502 1872 1540 ὃ
1894 1507 2004 1552 μισῶ,
2030 1507 2137 1540 τοῦτο
2163 1508 2269 1541 ποιῶ.
2306 1505 2373 1540 Illa
2396 1509 2513 1539 autem
2530 1504 2636 1538 animi
2651 1514 2730 1538 cum

325 1562 513 1607 semetipso
530 1561 748 1598 dissensione
771 1571 816 1596 ne
838 1561 868 1597 is
886 1562 1027 1606 quidem
1044 1566 1155 1604 caret,
1179 1563 1239 1606 qui
1262 1563 1332 1597 iam
1355 1562 1503 1597 multum
1526 1562 1563 1597 in
1586 1562 1715 1597 virtute
1731 1561 1887 1606 profecit.
1923 1561 2013 1603 „Sed
2037 1562 2084 1603 ei,
2109 1562 2168 1605 qui
2193 1561 2239 1596 ad
2262 1561 2426 1596 virtutem
2449 1560 2571 1601 tendit,
2595 1559 2738 1594 etiamsi

328 1618 477 1654 multum
500 1618 686 1663 processit,
721 1627 810 1662 opus
845 1622 900 1653 est
933 1618 1053 1662 aliqua
1085 1617 1248 1653 fortunae
1282 1617 1501 1662 indulgentia
1522 1617 1638 1653 adhuc
1661 1618 1754 1653 inter
1775 1616 1929 1653 humana
1952 1618 2113 1658 luctanti,
2137 1617 2220 1652 dum
2244 1616 2376 1652 nodum
2398 1616 2496 1651 illum
2521 1615 2670 1651 exsolvit
2694 1620 2729 1650 et

328 1682 431 1708 omne
454 1672 631 1708 vinculum
654 1672 813 1708 mortale.
862 1673 955 1718 Quid
979 1683 1063 1718 ergo
1087 1673 1257 1708 interest?
1287 1673 1382 1717 quod
1406 1673 1465 1708 alii
1489 1673 1634 1717 adligati
1658 1677 1756 1715 sunt,
1781 1673 1841 1708 alii
1864 1673 2039 1709 adstricti:
2076 1673 2160 1716 hic,
2194 1674 2265 1718 qui
2295 1673 2347 1708 ad
2377 1672 2609 1717 superiora
2631 1681 2727 1717 pro-

327 1738 505 1773 gressus
540 1733 607 1762 est
643 1733 684 1763 et
719 1738 762 1763 se
797 1730 930 1763 altius
966 1729 1145 1771 extulit,
1181 1730 1319 1762 laxam
1355 1733 1550 1762 catenam
1585 1728 1735 1769 trahit,
1772 1729 1956 1762 nondum
1991 1729 2118 1772 liber,
2159 1731 2241 1763 iam
2275 1734 2420 1763 tamen
2450 1739 2528 1773 pro
2564 1729 2732 1764 libero“

327 1785 388 1829 (de
411 1785 484 1820 vita
507 1784 613 1820 beata
632 1790 683 1827 16,
701 1786 749 1828 3).
787 1785 941 1829 Egregie
964 1791 1081 1820 autem
1104 1785 1285 1821 Auberlen
1310 1786 1348 1830 (1.
1371 1785 1393 1820 1.
1417 1785 1463 1819 11.
1486 1796 1520 1829 p.
1537 1791 1580 1820 30
1598 1787 1665 1829 sq.)
1688 1785 1878 1829 disputavit
1901 1783 1995 1819 hunc
2018 1786 2053 1819 in
2077 1786 2235 1819 modum:
2273 1784 2417 1826 „Schon
2434 1786 2646 1821 Aristoteles
2667 1785 2731 1820 hat

327 1841 431 1878 einen
454 1851 496 1877 so
522 1840 634 1888 tiefen
652 1839 843 1878 Eindruclc
866 1853 933 1877 von
956 1841 1034 1878 dem
1058 1841 1128 1878 den
1151 1852 1295 1888 qanzen
1312 1840 1507 1878 Mensolzen
1530 1840 1834 1877 behmschmden
1858 1840 2076 1883 Verderben‚
2101 1840 2186 1877 dass
2208 1853 2249 1877 er
2272 1841 2446 1888 hemer-kt,
2471 1841 2530 1878 die
2551 1841 2732 1878 Thierheit

326 1898 380 1933 sei
401 1898 574 1945 qerinqer
596 1897 653 1933 als
675 1898 743 1933 das
761 1897 866 1940 Base,
891 1908 994 1933 menn
1017 1897 1108 1934 auch
1132 1897 1414 1939 wenckheim,-
1436 1897 1532 1933 derm
1556 1908 1594 1933 es
1617 1898 1669 1933 sei
1691 1897 1796 1934 dabet’
1817 1896 1917 1933 nicht
1940 1896 2008 1933 das
2024 1895 2132 1932 Beste
2156 1897 2337 1940 verder-bt,
2362 1897 2428 1934 wie
2451 1898 2497 1933 im
2518 1896 2734 1938 Menschen:

326 1953 404 1988 und
419 1952 527 1988 Plato
552 1953 695 1988 erkldrt
717 1953 948 1988 bekanntlick
971 1964 1082 1988 unsre
1103 1964 1221 1998 qanze
1233 1955 1374 1999 Jetziqe
1395 1953 1571 1988 sinuliohe
1588 1953 1764 1988 Eaetklenz
1787 1965 1855 1988 aus
1878 1954 1992 1987 einem
2008 1954 2134 1998 Absall
2155 1953 2221 1987 der
2238 1953 2338 1988 Seele
2362 1964 2431 1988 von
2453 1953 2523 1988 den
2546 1954 2732 1988 abersinn-

328 2006 444 2043 lichen
467 2005 595 2049 Idem,
620 2007 679 2043 die
700 2008 753 2043 sie
776 2008 815 2043 in
838 2008 904 2043 der
921 2007 1183 2043 Praeeoeistenz
1199 2008 1387 2049 schemae,-
1408 2019 1456 2043 so
1479 2007 1585 2043 dass
1608 2009 1687 2043 mir
1709 2008 1859 2050 selum,
1884 2009 1965 2043 mie
1986 2008 2097 2043 auch
2121 2008 2257 2044 sehon
2281 2008 2351 2044 die
2375 2008 2734 2045 erleuchtetercu

328 2062 500 2099 Heiden
529 2063 583 2098 im
606 2063 762 2100 Lickte
792 2064 869 2099 des
895 2064 1140 2100 Gemissens
1162 2064 1283 2100 nicht
1312 2076 1397 2100 nur
1420 2064 1620 2100 einzelne
1642 2063 1954 2111 Handlunqen,
1985 2064 2178 2100 sondern
2210 2063 2292 2100 den
2318 2063 2737 2101 Gesammtznstand

329 2118 403 2155 des
429 2117 663 2156 Menscken
688 2119 757 2156 als
781 2120 882 2156 bose
904 2120 1100 2157 erkannt
1124 2121 1312 2157 haben.“

555 2188 638 2230 116)
660 2186 726 2231 Ep.
752 2194 828 2230 116,
852 2193 892 2222 8:
929 2187 1079 2229 „Nolle
1108 2189 1145 2223 in
1173 2198 1281 2224 causa
1304 2193 1373 2231 est,
1402 2197 1485 2223 non
1508 2195 1634 2232 posse
1658 2186 1945 2231 praetenditur“;
1981 2188 2025 2224 cf.
2050 2187 2112 2222 Ev.
2135 2188 2258 2223 Matth.
2284 2194 2342 2229 23,
2367 2195 2427 2224 37:
2466 2188 2734 2236 ,,Ἰερουσαλήμ,

326 2240 585 2289 Ἰερουσαλήμ,
618 2240 639 2285 ἡ
665 2242 934 2278 ἀποκτείνουσα
965 2243 1047 2284 τοὺς
1078 2242 1284 2292 προφήτας,
1316 2247 1378 2279 καὶ
1408 2244 1652 2289 λιθοβολοῦσα
1681 2242 1765 2283 ’τοὺς
1793 2243 2090 2291 ἀπεσταλμένους
2120 2243 2211 2292 πρὸς
2234 2241 2358 2290 αὐτήν,
2393 2243 2548 2286 ποσάκις
2578 2243 2737 2290 ἠθέλησα

330 2300 618 2345 ἐπισυναγαγεῖν
640 2298 684 2334 ui
710 2303 817 2335 τέκνα
841 2311 920 2346 σου,
946 2298 990 2337 ὃν
1014 2299 1153 2347 τρόπον
1176 2301 1390 2348 ἐπισυνάγει
1414 2297 1514 2347 ὅρνις
1534 2299 1579 2336 τὰ
1606 2303 1735 2336 νοσσία
1754 2297 1864 2343 αὐτῆς
1887 2298 1960 2336 ὑπὸ
1985 2300 2047 2340 τὰς
2070 2304 2271 2348 πτέρυγας;
2304 2305 2366 2337 καὶ
2400 2302 2468 2338 οὐκ
2498 2301 2736 2347 ἠθελήσατε.“

559 2367 642 2410 117)
666 2365 731 2410 Ep.
756 2372 809 2409 95,
834 2372 896 2402 57:
932 2369 1083 2413 „Actio
1106 2374 1203 2404 recta
1225 2380 1296 2404 non
1321 2369 1402 2410 erit,
1426 2368 1494 2404 nisi
1518 2372 1615 2402 recta
1637 2366 1743 2401 fuerit
1766 2367 1992 2409 voluntas3
2029 2378 2152 2403 rursus
2186 2369 2389 2403 voluntas
2425 2379 2497 2403 non
2531 2370 2598 2403 erit
2631 2374 2738 2409 recta,

332 2420 399 2457 nisi
435 2420 613 2458 habitus
647 2421 775 2457 animi
810 2426 927 2460 rectus
962 2423 1077 2459 fuerit.
1124 2424 1179 2459 Ab
1203 2423 1271 2460 hoc
1294 2424 1388 2460 enim
1411 2428 1466 2459 est
1488 2423 1668 2458 voluntas:
1705 2421 1894 2458 habitus
1926 2432 2032 2466 porro
2068 2423 2197 2459 animi
2232 2434 2303 2459 non
2333 2425 2402 2459 erit
2424 2425 2461 2459 in
2485 2425 2635 2469 optimo,
2670 2425 2737 2459 nisi

331 2477 469 2512 totius
492 2478 609 2512 vitae
633 2477 755 2522 leges
779 2479 1053 2524 perceperit,
1078 2484 1128 2522 et,
1152 2480 1236 2525 quid
1260 2480 1304 2515 de
1328 2489 1467 2526 quoque
1490 2478 1715 2514 iudicandum
1738 2478 1797 2520 sit,
1822 2478 1994 2523 exegerit.
2029 2479 2097 2514 nisi
2127 2488 2199 2516 res
2229 2479 2280 2515 ad
2309 2489 2458 2516 verum
2495 2479 2739 2525 redegerit.

333 2533 425 2566 Non
461 2535 681 2577 contingit
715 2536 1029 2577 tranquillitas
1065 2537 1148 2570 nisi
1184 2536 1459 2570 immutabile
1493 2541 1748 2577 certumque
1783 2535 1996 2569 iudicium
2032 2536 2252 2580 adeptis.“
2300 2536 2368 2580 Ep.
2395 2541 2449 2577 92,
2474 2541 2513 2570 3:
2550 2536 2663 2581 „Quid
2686 2539 2740 2570 est

336 2588 441 2623 beata
462 2589 559 2624 vita?
595 2590 773 2625 Securitas
797 2596 832 2624 et
855 2597 1028 2634 perpetua
1050 2592 1295 2634 tranquillitas.
1341 2592 1443 2625 Hanc
1473 2591 1574 2625 dabit
1604 2591 1710 2625 animi
1738 2591 1961 2634 magnitudo:
1994 2592 2095 2626 dabit
2122 2592 2321 2626 constantia
2342 2592 2433 2626 bene
2456 2592 2601 2626 iudicati
2622 2596 2739 2624 tenax.

336 2643 393 2678 Ad
416 2643 504 2678 haec
528 2644 703 2688 quomodo
727 2645 958 2689 pervenitur?
992 2646 1033 2680 Si
1057 2647 1222 2682 veritas
1244 2650 1338 2681 tota
1368 2650 1605 2690 perspecta
1633 2649 1744 2687 est*·';
1768 2645 1811 2680 cf.
1830 2644 1891 2680 Ev.
1910 2645 1993 2681 Luc.
2014 2653 2066 2688 23,
2086 2653 2148 2682 34:
2191 2646 2243 2682 Οὐ
2267 2646 2340 2693 γὰρ
2366 2647 2499 2690 οἴδασι,
2524 2651 2561 2681 τί
2582 2649 2737 2685 ποιοῦσι,

561 2711 640 2756 118)
664 2710 731 2755 Ep.
756 2716 810 2754 28,
835 2717 873 2746 9;
911 2711 1079 2754 „Initium
1105 2712 1227 2747 salutis
1251 2716 1305 2747 est
1327 2712 1452 2747 notitia
1474 2713 1641 2757 peccati.“

565 2776 647 2820 119)
670 2775 735 2821 Ep.
759 2783 818 2819 92,
844 2784 908 2813 30:
945 2778 1063 2823 „Quid
1087 2783 1141 2814 est
1164 2778 1297 2821 autem,
1320 2789 1384 2814 cur
1406 2789 1477 2814 non
1500 2779 1678 2815 existimes
1700 2780 1737 2814 in
1760 2789 1803 2814 eo
1827 2779 1933 2814 divini
1958 2779 2090 2823 aliquid
2115 2781 2294 2824 exsistere,
2319 2782 2379 2826 qui
2396 2783 2453 2818 dei
2471 2791 2553 2826 pars
2575 2782 2674 2816 est?“
2696 2801 2739 2808 -—

336 2832 400 2877 Ep.
426 2837 502 2874 120,
528 2837 588 2866 14:
624 2832 746 2874 „Mens
769 2833 842 2877 dei,
866 2843 910 2869 ex
934 2844 1003 2879 quo
1027 2843 1109 2879 pars
1132 2838 1168 2869 et
1190 2835 1227 2869 in
1251 2833 1317 2870 1100
1340 2838 1464 2880 pectus
1486 2834 1635 2870 mortale
1658 2834 1836 2871 defluxit.“
1871 2834 1926 2872 Cf.
1951 2839 2031 2871 acta
2054 2836 2201 2880 apostol.
2221 2843 2271 2879 17,
2289 2843 2353 2874 28:
2391 2838 2473 2883 ,,Ἐν
2497 2837 2595 2883 αὐτῷ
2619 2838 2737 2883 (θεῷ)

333 2886 407 2934 γὰρ
431 2889 550 2933 ζῶμεν
572 2889 634 2923 καὶ
658 2886 863 2934 κινούμεθα
887 2894 949 2925 καὶ
972 2891 1096 2937 ἐσμέν·
1122 2888 1170 2930 ὥς
1194 2894 1258 2926 καί
1278 2903 1370 2930 τινες
1393 2893 1468 2926 τῶν
1491 2890 1572 2925 καθ’
1600 2888 1694 2938 ῦμᾶς
1719 2893 1882 2934 ποιητῶν
1905 2891 2080 2938 εἰρήκασι·
2106 2895 2169 2927 τοῦ
2192 2893 2264 2941 γὰρ
2289 2896 2350 2928 καὶ
2373 2897 2478 2940 γένος
2500 2894 2650 2939 ἐσμένέ(

564 2956 645 3000 120)
668 2955 735 3000 Ep.
755 2961 807 2999 75,
826 2963 865 2993 6:
895 2957 997 3000 „Non
1021 2963 1076 2994 est
1099 2959 1237 3001 beatus,
1261 2958 1320 3003 qui
1345 2958 1429 2994 scit
1449 2957 1526 3000 illa,
1549 2957 1612 2993 sed
1635 2958 1696 3002 qui
1717 2958 1868 3001 fecit“;
1892 2960 1935 2994 cf.
1952 2960 2018 3004 Ep.
2035 2961 2105 2996 Iac.
2123 2968 2152 3003 1,
2171 2966 2231 2995 25:
2267 2987 2290 3005 „
2301 2960 2369 2996 οὐκ
2392 2960 2569 3008 ἀκροατὴς
2592 2961 2740 3003 ἐπιλησ-

334 3010 453 3056 μονῆς
475 3010 683 3059 γενόμενος,
710 3009 803 3048 ἀλλὰ
829 3012 978 3059 ποιητὴς
1000 3014 1122 3062 ἔργου,
1150 3007 1254 3057 οὗτος
1276 3013 1457 3064 μακάριος
1479 3015 1522 3051 ἐν
1544 3016 1586 3063 τῇ
1610 3014 1750 3060 ποιήσει
1775 3015 1890 3052 αὐτοῦ
1914 3017 2055 3053 ἕσται.“

564 3080 650 3124 121)
673 3078 739 3124 Ep.
758 3085 839 3123 101,
866 3085 926 3116 15:
964 3082 1105 3127 „Quam
1129 3081 1243 3118 bene
1267 3082 1363 3119 vivas
1385 3082 1508 3126 refert,
1532 3091 1604 3119 non
1628 3091 1733 3127 quam
1756 3082 1868 3118 diu.“
1895 3103 1938 3111 -
1963 3083 2015 3120 Cf.
2038 3084 2140 3121 Pauli
2164 3084 2228 3131 Ep.
2252 3084 2297 3120 ad
2320 3083 2420 3120 Rom.
2445 3089 2495 3127 14,
2519 3089 2557 3120 8:
2591 3082 2677 3120 Ἐάν
2700 3096 2738 3121 τε

336 3133 409 3180 γὰρ
432 3137 560 3181 ζῶμεν,
591 3137 642 3181 τῷ
665 3140 777 3184 κυρίῳ
801 3139 931 3182 ζῶμεν·
965 3136 1031 3172 ἐάν
1055 3152 1090 3173 τε
1115 3137 1423 3185 ἀποθνήσκωμεν,
1456 3140 1507 3184 τῶ
1535 3143 1648 3187 κυρίῳ
1677 3137 1977 3185 ἀποθνήσκομεν,
2008 3141 2068 3183 qui
2097 3141 2195 3176 locus
2226 3142 2313 3175 bene
2343 3140 2536 3184 explicatus
2558 3145 2613 3174 est
2635 3141 2672 3174 in
2694 3150 2737 3175 eo

336 3189 436 3234 libro,
459 3191 519 3236 qui
542 3191 748 3229 inscribitur
769 3191 971 3230 Biblisches
1001 3191 1255 3233 Warterbuck.
1279 3193 1493 3242 kermqeq.
1521 3206 1590 3231 von
1613 3194 1658 3231 H.
1685 3193 1802 3231 Zeller
1824 3196 1883 3241 (T.
1901 3196 1948 3231 ΙΙ.
1971 3207 2002 3241 p.
2022 3199 2112 3241 131).

567 3260 650 3303 122)
672 3258 738 3305 Ep.
758 3265 838 3302 104,
863 3265 903 3296 3:
939 3260 1219 3306 „Indulgendum
1254 3264 1308 3297 est
1343 3261 1543 3298 honestis
1579 3261 1774 3298 adfectibus
1805 3262 1844 3307 (i.
1867 3272 1898 3298 e.
1920 3264 2086 3309 gaudiis).
2131 3263 2272 3298 Homini
2297 3261 2495 3298 Christiano
2519 3267 2637 3299 autem
2667 3273 2739 3298 non

338 3312 453 3347 minus
477 3313 583 3369 licere
607 3314 740 3350 talibus
763 3315 903 3358 gaudiis
926 3316 1011 3357 frui,
1035 3317 1149 3350 Meier
1170 3317 1209 3361 (l.
1232 3317 1253 3350 l.
1278 3327 1311 3361 p.
1331 3319 1412 3360 109)
1435 3318 1521 3352 locis
1544 3327 1564 3351 e
1588 3327 1678 3351 novo
1701 3322 1910 3354 testamento
1934 3319 2049 3354 allatis
2073 3319 2210 3364 probat.
