<?xml version="1.0" encoding="UTF-8"?>
<!DOCTYPE html PUBLIC "-//W3C//DTD XHTML 1.0 Transitional//EN"
    "http://www.w3.org/TR/xhtml1/DTD/xhtml1-transitional.dtd">
<html xmlns="http://www.w3.org/1999/xhtml" xml:lang="en" lang="en">
 <head>
  <title>
</title>
<meta http-equiv="Content-Type" content="text/html;charset=utf-8" />
  <meta name='ocr-system' content='tesseract 3.04.00' />
  <meta name='ocr-capabilities' content='ocr_page ocr_carea ocr_par ocr_line ocrx_word'/>
</head>
<body>
  <div class='ocr_page' id='page_1' title='image "4763742_0018.png"; bbox 0 0 3085 3679; ppageno 0'>
   <div class='ocr_carea' id='block_1_1' title="bbox 1572 257 1597 298">
    <p class='ocr_par' dir='ltr' id='par_1_1' title="bbox 1572 257 1597 298">
     <span class='ocr_line' id='line_1_1' title="bbox 1572 257 1597 298; baseline 0 0"><span class='ocrx_word' id='word_1_1' title='bbox 1572 257 1597 298; x_wconf 93' lang='lat'>8</span> 
     </span>
    </p>
   </div>
   <div class='ocr_carea' id='block_1_2' title="bbox 369 386 2792 2407">
    <p class='ocr_par' dir='ltr' id='par_1_2' title="bbox 598 386 2265 445">
     <span class='ocr_line' id='line_1_2' title="bbox 598 386 2265 445; baseline -0.002 -11"><span class='ocrx_word' id='word_1_2' title='bbox 598 390 713 442; x_wconf 84' lang='lat' dir='ltr'><strong>Quid</strong></span> <span class='ocrx_word' id='word_1_3' title='bbox 736 391 851 445; x_wconf 91' lang='lat' dir='ltr'><strong>quod</strong></span> <span class='ocrx_word' id='word_1_4' title='bbox 873 404 928 434; x_wconf 90' lang='lat' dir='ltr'><strong>ne</strong></span> <span class='ocrx_word' id='word_1_5' title='bbox 954 391 1248 434; x_wconf 88' lang='lat' dir='ltr'><strong>sceleratos</strong></span> <span class='ocrx_word' id='word_1_6' title='bbox 1271 390 1444 445; x_wconf 91' lang='lat' dir='ltr'><strong>quidem</strong></span> <span class='ocrx_word' id='word_1_7' title='bbox 1469 390 1630 433; x_wconf 91' lang='lat' dir='ltr'><strong>amoris</strong></span> <span class='ocrx_word' id='word_1_8' title='bbox 1653 390 1793 433; x_wconf 82' lang='lat' dir='ltr'><strong>fructu</strong></span> <span class='ocrx_word' id='word_1_9' title='bbox 1816 389 1925 432; x_wconf 90' lang='lat' dir='ltr'><strong>deus</strong></span> <span class='ocrx_word' id='word_1_10' title='bbox 1949 388 2177 443; x_wconf 79' lang='lat' dir='ltr'><strong>prohibet?</strong></span> <span class='ocrx_word' id='word_1_11' title='bbox 2195 386 2265 442; x_wconf 81' lang='lat'><strong>⁴⁷)</strong></span> 
     </span>
    </p>

    <p class='ocr_par' dir='ltr' id='par_1_3' title="bbox 371 458 2789 591">
     <span class='ocr_line' id='line_1_3' title="bbox 597 458 2789 517; baseline -0.001 -12"><span class='ocrx_word' id='word_1_12' title='bbox 597 463 684 506; x_wconf 86' lang='lat' dir='ltr'><strong>Sed</strong></span> <span class='ocrx_word' id='word_1_13' title='bbox 708 478 967 517; x_wconf 90' lang='lat' dir='ltr'><strong>quamquam</strong></span> <span class='ocrx_word' id='word_1_14' title='bbox 991 463 1056 505; x_wconf 93' lang='lat' dir='ltr'><strong>ad</strong></span> <span class='ocrx_word' id='word_1_15' title='bbox 1079 478 1231 505; x_wconf 91' lang='lat' dir='ltr'><strong>unum</strong></span> <span class='ocrx_word' id='word_1_16' title='bbox 1256 477 1431 505; x_wconf 90' lang='lat' dir='ltr'><strong>omnes</strong></span> <span class='ocrx_word' id='word_1_17' title='bbox 1460 463 1697 505; x_wconf 91' lang='lat' dir='ltr'><strong>homines</strong></span> <span class='ocrx_word' id='word_1_18' title='bbox 1714 461 1782 514; x_wconf 76' lang='lat'><strong>‘⁸)</strong></span> <span class='ocrx_word' id='word_1_19' title='bbox 1808 474 1861 503; x_wconf 90' lang='lat' dir='ltr'><strong>ex</strong></span> <span class='ocrx_word' id='word_1_20' title='bbox 1884 460 1962 502; x_wconf 90' lang='lat' dir='ltr'><strong>illa</strong></span> <span class='ocrx_word' id='word_1_21' title='bbox 1985 460 2251 514; x_wconf 78' lang='lat' dir='ltr'><strong>benignitate</strong></span> <span class='ocrx_word' id='word_1_22' title='bbox 2275 461 2439 503; x_wconf 82' lang='lat' dir='ltr'><strong>fructus</strong></span> <span class='ocrx_word' id='word_1_23' title='bbox 2463 458 2632 515; x_wconf 82' lang='lat' dir='ltr'><strong>aliquos</strong></span> <span class='ocrx_word' id='word_1_24' title='bbox 2654 462 2789 515; x_wconf 89' lang='lat' dir='ltr'><strong>perci-</strong></span> 
     </span>
     <span class='ocr_line' id='line_1_4' title="bbox 371 532 2493 591; baseline -0.001 -13"><span class='ocrx_word' id='word_1_25' title='bbox 371 535 513 591; x_wconf 91' lang='lat' dir='ltr'><strong>piunt,</strong></span> <span class='ocrx_word' id='word_1_26' title='bbox 537 549 623 578; x_wconf 90' lang='lat' dir='ltr'><strong>non</strong></span> <span class='ocrx_word' id='word_1_27' title='bbox 647 539 792 579; x_wconf 88' lang='lat' dir='ltr'><strong>tamen</strong></span> <span class='ocrx_word' id='word_1_28' title='bbox 815 535 991 590; x_wconf 88' lang='lat' dir='ltr'><strong>desunt,</strong></span> <span class='ocrx_word' id='word_1_29' title='bbox 1015 534 1089 590; x_wconf 92' lang='lat' dir='ltr'><strong>qui</strong></span> <span class='ocrx_word' id='word_1_30' title='bbox 1113 535 1186 589; x_wconf 91' lang='lat' dir='ltr'><strong>iis,</strong></span> <span class='ocrx_word' id='word_1_31' title='bbox 1209 549 1320 589; x_wconf 89' lang='lat' dir='ltr'><strong>quae</strong></span> <span class='ocrx_word' id='word_1_32' title='bbox 1344 533 1521 590; x_wconf 90' lang='lat' dir='ltr'><strong>habent,</strong></span> <span class='ocrx_word' id='word_1_33' title='bbox 1544 548 1630 578; x_wconf 90' lang='lat' dir='ltr'><strong>non</strong></span> <span class='ocrx_word' id='word_1_34' title='bbox 1654 533 1842 577; x_wconf 89' lang='lat' dir='ltr'><strong>contenti</strong></span> <span class='ocrx_word' id='word_1_35' title='bbox 1865 532 1993 576; x_wconf 91' lang='lat' dir='ltr'><strong>deum</strong></span> <span class='ocrx_word' id='word_1_36' title='bbox 2017 532 2307 576; x_wconf 90' lang='lat' dir='ltr'><strong>accusandum</strong></span> <span class='ocrx_word' id='word_1_37' title='bbox 2329 536 2493 587; x_wconf 88' lang='lat' dir='ltr'><strong>putent.</strong></span> 
     </span>
    </p>

    <p class='ocr_par' dir='ltr' id='par_1_4' title="bbox 370 605 2792 1098">
     <span class='ocr_line' id='line_1_5' title="bbox 596 605 2789 662; baseline -0 -13"><span class='ocrx_word' id='word_1_38' title='bbox 596 607 803 650; x_wconf 88' lang='lat' dir='ltr'><strong>Nonnulli</strong></span> <span class='ocrx_word' id='word_1_39' title='bbox 828 607 942 650; x_wconf 92' lang='lat' dir='ltr'><strong>enim</strong></span> <span class='ocrx_word' id='word_1_40' title='bbox 977 612 1044 660; x_wconf 82' lang='lat' dir='ltr'><strong>„et</strong></span> <span class='ocrx_word' id='word_1_41' title='bbox 1068 608 1240 662; x_wconf 90' lang='lat' dir='ltr'><strong>quidem</strong></span> <span class='ocrx_word' id='word_1_42' title='bbox 1264 608 1448 662; x_wconf 81' lang='lat' dir='ltr'><strong>professi</strong></span> <span class='ocrx_word' id='word_1_43' title='bbox 1475 607 1756 662; x_wconf 89' lang='lat' dir='ltr'><strong>sapientiam“</strong></span> <span class='ocrx_word' id='word_1_44' title='bbox 1785 610 2030 661; x_wconf 89' lang='lat' dir='ltr'><strong>queruntur,</strong></span> <span class='ocrx_word' id='word_1_45' title='bbox 2054 605 2168 659; x_wconf 90' lang='lat' dir='ltr'><strong>quod</strong></span> <span class='ocrx_word' id='word_1_46' title='bbox 2197 619 2307 657; x_wconf 90' lang='lat' dir='ltr'><strong>„non</strong></span> <span class='ocrx_word' id='word_1_47' title='bbox 2329 605 2627 660; x_wconf 82' lang='lat' dir='ltr'><strong>magnitudine</strong></span> <span class='ocrx_word' id='word_1_48' title='bbox 2645 619 2789 660; x_wconf 89' lang='lat' dir='ltr'><strong>corpo-</strong></span> 
     </span>
     <span class='ocr_line' id='line_1_6' title="bbox 371 677 2792 735; baseline -0.001 -12"><span class='ocrx_word' id='word_1_49' title='bbox 371 695 465 723; x_wconf 89' lang='lat' dir='ltr'><strong>rum</strong></span> <span class='ocrx_word' id='word_1_50' title='bbox 484 685 670 734; x_wconf 85' lang='lat' dir='ltr'><strong>aequent</strong></span> <span class='ocrx_word' id='word_1_51' title='bbox 689 680 955 735; x_wconf 78' lang='lat' dir='ltr'><strong>elephantos,</strong></span> <span class='ocrx_word' id='word_1_52' title='bbox 973 681 1202 723; x_wconf 89' lang='lat' dir='ltr'><strong>velocitate</strong></span> <span class='ocrx_word' id='word_1_53' title='bbox 1223 693 1391 734; x_wconf 88' lang='lat' dir='ltr'><strong>cervos,</strong></span> <span class='ocrx_word' id='word_1_54' title='bbox 1410 679 1588 722; x_wconf 90' lang='lat' dir='ltr'><strong>levitate</strong></span> <span class='ocrx_word' id='word_1_55' title='bbox 1607 692 1726 735; x_wconf 90' lang='lat' dir='ltr'><strong>apes,</strong></span> <span class='ocrx_word' id='word_1_56' title='bbox 1751 679 1913 734; x_wconf 89' lang='lat' dir='ltr'><strong>impetu</strong></span> <span class='ocrx_word' id='word_1_57' title='bbox 1931 683 2089 732; x_wconf 90' lang='lat' dir='ltr'><strong>tauros,</strong></span> <span class='ocrx_word' id='word_1_58' title='bbox 2108 677 2221 732; x_wconf 92' lang='lat' dir='ltr'><strong>quod</strong></span> <span class='ocrx_word' id='word_1_59' title='bbox 2239 678 2415 721; x_wconf 87' lang='lat' dir='ltr'><strong>solidior</strong></span> <span class='ocrx_word' id='word_1_60' title='bbox 2434 678 2489 721; x_wconf 91' lang='lat' dir='ltr'><strong>sit</strong></span> <span class='ocrx_word' id='word_1_61' title='bbox 2508 679 2619 721; x_wconf 91' lang='lat' dir='ltr'><strong>cutis</strong></span> <span class='ocrx_word' id='word_1_62' title='bbox 2636 678 2792 733; x_wconf 88' lang='lat' dir='ltr'><strong>beluis,</strong></span> 
     </span>
     <span class='ocr_line' id='line_1_7' title="bbox 370 750 2790 808; baseline -0.001 -11"><span class='ocrx_word' id='word_1_63' title='bbox 370 753 590 797; x_wconf 79' lang='lat' dir='ltr'><strong>decentior</strong></span> <span class='ocrx_word' id='word_1_64' title='bbox 613 752 772 807; x_wconf 89' lang='lat' dir='ltr'><strong>damis,</strong></span> <span class='ocrx_word' id='word_1_65' title='bbox 802 753 976 797; x_wconf 85' lang='lat' dir='ltr'><strong>densior</strong></span> <span class='ocrx_word' id='word_1_66' title='bbox 1000 753 1131 807; x_wconf 91' lang='lat' dir='ltr'><strong>ursis,</strong></span> <span class='ocrx_word' id='word_1_67' title='bbox 1156 752 1325 795; x_wconf 89' lang='lat' dir='ltr'><strong>mollior</strong></span> <span class='ocrx_word' id='word_1_68' title='bbox 1350 752 1486 807; x_wconf 83' lang='lat' dir='ltr'><strong>fibris,</strong></span> <span class='ocrx_word' id='word_1_69' title='bbox 1518 752 1632 807; x_wconf 90' lang='lat' dir='ltr'><strong>quod</strong></span> <span class='ocrx_word' id='word_1_70' title='bbox 1656 751 1895 806; x_wconf 87' lang='lat' dir='ltr'><strong>sagacitate</strong></span> <span class='ocrx_word' id='word_1_71' title='bbox 1921 765 1968 795; x_wconf 91' lang='lat' dir='ltr'><strong>se</strong></span> <span class='ocrx_word' id='word_1_72' title='bbox 1992 750 2160 794; x_wconf 91' lang='lat' dir='ltr'><strong>narium</strong></span> <span class='ocrx_word' id='word_1_73' title='bbox 2185 762 2317 794; x_wconf 85' lang='lat' dir='ltr'><strong>canes</strong></span> <span class='ocrx_word' id='word_1_74' title='bbox 2340 752 2534 808; x_wconf 90' lang='lat' dir='ltr'><strong>vincant,</strong></span> <span class='ocrx_word' id='word_1_75' title='bbox 2558 752 2671 807; x_wconf 90' lang='lat' dir='ltr'><strong>quod</strong></span> <span class='ocrx_word' id='word_1_76' title='bbox 2695 752 2790 796; x_wconf 88' lang='lat' dir='ltr'><strong>acie</strong></span> 
     </span>
     <span class='ocr_line' id='line_1_8' title="bbox 370 823 2790 880; baseline -0 -10"><span class='ocrx_word' id='word_1_77' title='bbox 370 826 579 870; x_wconf 90' lang='lat' dir='ltr'><strong>luminum</strong></span> <span class='ocrx_word' id='word_1_78' title='bbox 604 826 795 880; x_wconf 90' lang='lat' dir='ltr'><strong>aquilae,</strong></span> <span class='ocrx_word' id='word_1_79' title='bbox 820 826 961 880; x_wconf 89' lang='lat' dir='ltr'><strong>spatio</strong></span> <span class='ocrx_word' id='word_1_80' title='bbox 984 826 1142 870; x_wconf 90' lang='lat' dir='ltr'><strong>aetatis</strong></span> <span class='ocrx_word' id='word_1_81' title='bbox 1167 826 1301 879; x_wconf 90' lang='lat' dir='ltr'><strong>corvi,</strong></span> <span class='ocrx_word' id='word_1_82' title='bbox 1326 826 1462 868; x_wconf 86' lang='lat' dir='ltr'><strong>multa</strong></span> <span class='ocrx_word' id='word_1_83' title='bbox 1486 825 1694 869; x_wconf 89' lang='lat' dir='ltr'><strong>animalia</strong></span> <span class='ocrx_word' id='word_1_84' title='bbox 1717 824 1851 868; x_wconf 91' lang='lat' dir='ltr'><strong>nandi</strong></span> <span class='ocrx_word' id='word_1_85' title='bbox 1876 825 2098 879; x_wconf 80' lang='lat' dir='ltr'><strong>facilitate,</strong></span> <span class='ocrx_word' id='word_1_86' title='bbox 2120 848 2178 856; x_wconf 86' lang='lat'><strong>—-</strong></span> <span class='ocrx_word' id='word_1_87' title='bbox 2201 823 2317 878; x_wconf 90' lang='lat' dir='ltr'><strong>quod</strong></span> <span class='ocrx_word' id='word_1_88' title='bbox 2340 837 2426 867; x_wconf 93' lang='lat' dir='ltr'><strong>non</strong></span> <span class='ocrx_word' id='word_1_89' title='bbox 2450 824 2563 869; x_wconf 90' lang='lat' dir='ltr'><strong>bona</strong></span> <span class='ocrx_word' id='word_1_90' title='bbox 2586 825 2790 869; x_wconf 89' lang='lat' dir='ltr'><strong>valetudo</strong></span> 
     </span>
     <span class='ocr_line' id='line_1_9' title="bbox 371 897 2790 953; baseline 0 -10"><span class='ocrx_word' id='word_1_91' title='bbox 371 900 502 943; x_wconf 86' lang='lat' dir='ltr'><strong>etiam</strong></span> <span class='ocrx_word' id='word_1_92' title='bbox 526 899 645 943; x_wconf 85' lang='lat' dir='ltr'><strong>vitiis</strong></span> <span class='ocrx_word' id='word_1_93' title='bbox 673 898 1023 953; x_wconf 86' lang='lat' dir='ltr'><strong>inexpugnabilis</strong></span> <span class='ocrx_word' id='word_1_94' title='bbox 1054 899 1158 942; x_wconf 90' lang='lat' dir='ltr'><strong>data</strong></span> <span class='ocrx_word' id='word_1_95' title='bbox 1188 899 1261 952; x_wconf 87' lang='lat' dir='ltr'><strong>sit,</strong></span> <span class='ocrx_word' id='word_1_96' title='bbox 1294 913 1348 952; x_wconf 46' lang='lat' dir='ltr'><strong>q„</strong></span> <span class='ocrx_word' id='word_1_97' title='bbox 1380 898 1407 941; x_wconf 82' lang='lat' dir='ltr'><strong>d</strong></span> <span class='ocrx_word' id='word_1_98' title='bbox 1431 913 1517 942; x_wconf 89' lang='lat' dir='ltr'><strong>non</strong></span> <span class='ocrx_word' id='word_1_99' title='bbox 1542 899 1672 941; x_wconf 83' lang='lat' dir='ltr'><strong>futuri</strong></span> <span class='ocrx_word' id='word_1_100' title='bbox 1699 898 1893 942; x_wconf 89' lang='lat' dir='ltr'><strong>scientia.</strong></span> <span class='ocrx_word' id='word_1_101' title='bbox 1952 898 2034 941; x_wconf 88' lang='lat' dir='ltr'><strong>Vix</strong></span> <span class='ocrx_word' id='word_1_102' title='bbox 2058 897 2140 941; x_wconf 91' lang='lat' dir='ltr'><strong>sibi</strong></span> <span class='ocrx_word' id='word_1_103' title='bbox 2165 903 2421 952; x_wconf 88' lang='lat' dir='ltr'><strong>temperant,</strong></span> <span class='ocrx_word' id='word_1_104' title='bbox 2454 899 2556 952; x_wconf 92' lang='lat' dir='ltr'><strong>quin</strong></span> <span class='ocrx_word' id='word_1_105' title='bbox 2582 913 2632 942; x_wconf 90' lang='lat' dir='ltr'><strong>eo</strong></span> <span class='ocrx_word' id='word_1_106' title='bbox 2656 913 2790 953; x_wconf 88' lang='lat' dir='ltr'><strong>usque</strong></span> 
     </span>
     <span class='ocr_line' id='line_1_10' title="bbox 371 970 2790 1027; baseline 0 -12"><span class='ocrx_word' id='word_1_107' title='bbox 371 971 665 1027; x_wconf 86' lang='lat' dir='ltr'><strong>impudentiae</strong></span> <span class='ocrx_word' id='word_1_108' title='bbox 702 970 1011 1025; x_wconf 86' lang='lat' dir='ltr'><strong>provehantur,</strong></span> <span class='ocrx_word' id='word_1_109' title='bbox 1049 976 1095 1014; x_wconf 90' lang='lat' dir='ltr'><strong>ut</strong></span> <span class='ocrx_word' id='word_1_110' title='bbox 1132 976 1331 1014; x_wconf 89' lang='lat' dir='ltr'><strong>naturam</strong></span> <span class='ocrx_word' id='word_1_111' title='bbox 1371 971 1559 1026; x_wconf 87' lang='lat' dir='ltr'><strong>oderint,</strong></span> <span class='ocrx_word' id='word_1_112' title='bbox 1595 971 1708 1025; x_wconf 90' lang='lat' dir='ltr'><strong>quod</strong></span> <span class='ocrx_word' id='word_1_113' title='bbox 1743 970 1854 1014; x_wconf 88' lang='lat' dir='ltr'><strong>infra</strong></span> <span class='ocrx_word' id='word_1_114' title='bbox 1889 970 2017 1014; x_wconf 91' lang='lat' dir='ltr'><strong>deum</strong></span> <span class='ocrx_word' id='word_1_115' title='bbox 2055 970 2161 1024; x_wconf 90' lang='lat' dir='ltr'><strong>sint,</strong></span> <span class='ocrx_word' id='word_1_116' title='bbox 2202 970 2314 1023; x_wconf 90' lang='lat' dir='ltr'><strong>quod</strong></span> <span class='ocrx_word' id='word_1_117' title='bbox 2348 983 2433 1013; x_wconf 89' lang='lat' dir='ltr'><strong>non</strong></span> <span class='ocrx_word' id='word_1_118' title='bbox 2468 971 2512 1013; x_wconf 92' lang='lat' dir='ltr'><strong>in</strong></span> <span class='ocrx_word' id='word_1_119' title='bbox 2550 985 2688 1025; x_wconf 91' lang='lat' dir='ltr'><strong>aequo</strong></span> <span class='ocrx_word' id='word_1_120' title='bbox 2726 972 2790 1015; x_wconf 89' lang='lat' dir='ltr'><strong>illi</strong></span> 
     </span>
     <span class='ocr_line' id='line_1_11' title="bbox 372 1043 691 1098; baseline -0.006 -10"><span class='ocrx_word' id='word_1_121' title='bbox 372 1043 600 1088; x_wconf 89' lang='lat' dir='ltr'><strong>steterint.“</strong></span> <span class='ocrx_word' id='word_1_122' title='bbox 622 1043 691 1098; x_wconf 78' lang='lat'><strong>4⁹)</strong></span> 
     </span>
    </p>

    <p class='ocr_par' dir='ltr' id='par_1_5' title="bbox 373 1113 2790 1317">
     <span class='ocr_line' id='line_1_12' title="bbox 597 1113 2789 1171; baseline 0 -12"><span class='ocrx_word' id='word_1_123' title='bbox 597 1116 845 1160; x_wconf 90' lang='lat' dir='ltr'><strong>Istiusmodi</strong></span> <span class='ocrx_word' id='word_1_124' title='bbox 876 1116 1059 1171; x_wconf 87' lang='lat' dir='ltr'><strong>„iniquis</strong></span> <span class='ocrx_word' id='word_1_125' title='bbox 1084 1115 1326 1159; x_wconf 90' lang='lat' dir='ltr'><strong>divinorum</strong></span> <span class='ocrx_word' id='word_1_126' title='bbox 1353 1129 1575 1159; x_wconf 89' lang='lat' dir='ltr'><strong>munerum</strong></span> <span class='ocrx_word' id='word_1_127' title='bbox 1600 1113 1972 1158; x_wconf 88' lang='lat' dir='ltr'><strong>aestimatoribus“</strong></span> <span class='ocrx_word' id='word_1_128' title='bbox 2002 1114 2167 1158; x_wconf 86' lang='lat' dir='ltr'><strong>Seneca</strong></span> <span class='ocrx_word' id='word_1_129' title='bbox 2192 1114 2298 1159; x_wconf 91' lang='lat' dir='ltr'><strong>haec</strong></span> <span class='ocrx_word' id='word_1_130' title='bbox 2322 1116 2574 1170; x_wconf 87' lang='lat' dir='ltr'><strong>respondet:</strong></span> <span class='ocrx_word' id='word_1_131' title='bbox 2626 1115 2789 1169; x_wconf 86' lang='lat' dir='ltr'><strong>„Caris-</strong></span> 
     </span>
     <span class='ocr_line' id='line_1_13' title="bbox 373 1186 2790 1244; baseline 0 -12"><span class='ocrx_word' id='word_1_132' title='bbox 373 1188 503 1232; x_wconf 89' lang='lat' dir='ltr'><strong>simos</strong></span> <span class='ocrx_word' id='word_1_133' title='bbox 540 1202 617 1232; x_wconf 90' lang='lat' dir='ltr'><strong>nos</strong></span> <span class='ocrx_word' id='word_1_134' title='bbox 653 1188 895 1232; x_wconf 89' lang='lat' dir='ltr'><strong>habuerunt</strong></span> <span class='ocrx_word' id='word_1_135' title='bbox 931 1188 976 1232; x_wconf 93' lang='lat' dir='ltr'><strong>di</strong></span> <span class='ocrx_word' id='word_1_136' title='bbox 1011 1188 1274 1232; x_wconf 90' lang='lat' dir='ltr'><strong>immortales</strong></span> <span class='ocrx_word' id='word_1_137' title='bbox 1311 1188 1573 1243; x_wconf 85' lang='lat' dir='ltr'><strong>habentque,</strong></span> <span class='ocrx_word' id='word_1_138' title='bbox 1609 1192 1669 1243; x_wconf 90' lang='lat' dir='ltr'><strong>et,</strong></span> <span class='ocrx_word' id='word_1_139' title='bbox 1705 1187 1778 1242; x_wconf 92' lang='lat' dir='ltr'><strong>qui</strong></span> <span class='ocrx_word' id='word_1_140' title='bbox 1808 1187 2020 1230; x_wconf 88' lang='lat' dir='ltr'><strong>maximus</strong></span> <span class='ocrx_word' id='word_1_141' title='bbox 2051 1186 2180 1231; x_wconf 89' lang='lat' dir='ltr'><strong>tribui</strong></span> <span class='ocrx_word' id='word_1_142' title='bbox 2219 1187 2355 1231; x_wconf 89' lang='lat' dir='ltr'><strong>honos</strong></span> <span class='ocrx_word' id='word_1_143' title='bbox 2390 1188 2545 1243; x_wconf 87' lang='lat' dir='ltr'><strong>potuit,</strong></span> <span class='ocrx_word' id='word_1_144' title='bbox 2587 1187 2643 1231; x_wconf 91' lang='lat' dir='ltr'><strong>ab</strong></span> <span class='ocrx_word' id='word_1_145' title='bbox 2683 1188 2790 1244; x_wconf 90' lang='lat' dir='ltr'><strong>ipsis</strong></span> 
     </span>
     <span class='ocr_line' id='line_1_14' title="bbox 374 1260 2273 1317; baseline -0.001 -13"><span class='ocrx_word' id='word_1_146' title='bbox 374 1262 590 1317; x_wconf 88' lang='lat' dir='ltr'><strong>proximos</strong></span> <span class='ocrx_word' id='word_1_147' title='bbox 614 1262 967 1305; x_wconf 87' lang='lat' dir='ltr'><strong>conlocaverunt:</strong></span> <span class='ocrx_word' id='word_1_148' title='bbox 1004 1274 1188 1315; x_wconf 91' lang='lat' dir='ltr'><strong>magna</strong></span> <span class='ocrx_word' id='word_1_149' title='bbox 1221 1261 1535 1316; x_wconf 90' lang='lat' dir='ltr'><strong>accepimus,</strong></span> <span class='ocrx_word' id='word_1_150' title='bbox 1566 1260 1759 1303; x_wconf 92' lang='lat' dir='ltr'><strong>maiora</strong></span> <span class='ocrx_word' id='word_1_151' title='bbox 1783 1274 1884 1303; x_wconf 92' lang='lat' dir='ltr'><strong>non</strong></span> <span class='ocrx_word' id='word_1_152' title='bbox 1908 1260 2182 1315; x_wconf 85' lang='lat' dir='ltr'><strong>cepimus.“</strong></span> <span class='ocrx_word' id='word_1_153' title='bbox 2203 1260 2273 1314; x_wconf 82' lang='lat'><strong>⁵⁰)</strong></span> 
     </span>
    </p>

    <p class='ocr_par' dir='ltr' id='par_1_6' title="bbox 369 1331 2791 2407">
     <span class='ocr_line' id='line_1_15' title="bbox 596 1331 2790 1389; baseline 0 -12"><span class='ocrx_word' id='word_1_154' title='bbox 596 1333 679 1387; x_wconf 83' lang='lat' dir='ltr'><strong>Qui</strong></span> <span class='ocrx_word' id='word_1_155' title='bbox 705 1347 807 1378; x_wconf 91' lang='lat' dir='ltr'><strong>vero</strong></span> <span class='ocrx_word' id='word_1_156' title='bbox 832 1339 993 1389; x_wconf 90' lang='lat' dir='ltr'><strong>negant</strong></span> <span class='ocrx_word' id='word_1_157' title='bbox 1018 1347 1045 1377; x_wconf 91' lang='lat' dir='ltr'><strong>a</strong></span> <span class='ocrx_word' id='word_1_158' title='bbox 1069 1333 1149 1377; x_wconf 92' lang='lat' dir='ltr'><strong>deo</strong></span> <span class='ocrx_word' id='word_1_159' title='bbox 1173 1332 1382 1377; x_wconf 89' lang='lat' dir='ltr'><strong>beneficia</strong></span> <span class='ocrx_word' id='word_1_160' title='bbox 1413 1333 1528 1389; x_wconf 87' lang='lat' dir='ltr'><strong>dari,</strong></span> <span class='ocrx_word' id='word_1_161' title='bbox 1566 1346 1638 1376; x_wconf 92' lang='lat' dir='ltr'><strong>eos</strong></span> <span class='ocrx_word' id='word_1_162' title='bbox 1663 1332 1725 1376; x_wconf 92' lang='lat' dir='ltr'><strong>sic</strong></span> <span class='ocrx_word' id='word_1_163' title='bbox 1749 1332 1908 1376; x_wconf 82' lang='lat' dir='ltr'><strong>refutat</strong></span> <span class='ocrx_word' id='word_1_164' title='bbox 1933 1331 2109 1376; x_wconf 85' lang='lat' dir='ltr'><strong>Seneca.</strong></span> <span class='ocrx_word' id='word_1_165' title='bbox 2128 1331 2197 1387; x_wconf 84' lang='lat'><strong>⁵¹)</strong></span> <span class='ocrx_word' id='word_1_166' title='bbox 2249 1333 2370 1387; x_wconf 82' lang='lat' dir='ltr'><strong>„Non</strong></span> <span class='ocrx_word' id='word_1_167' title='bbox 2394 1334 2469 1377; x_wconf 89' lang='lat' dir='ltr'><strong>dat</strong></span> <span class='ocrx_word' id='word_1_168' title='bbox 2493 1333 2623 1378; x_wconf 86' lang='lat' dir='ltr'><strong>deus“</strong></span> <span class='ocrx_word' id='word_1_169' title='bbox 2652 1334 2790 1389; x_wconf 89' lang='lat' dir='ltr'><strong>inquit</strong></span> 
     </span>
     <span class='ocr_line' id='line_1_16' title="bbox 376 1405 2789 1463; baseline 0.001 -14"><span class='ocrx_word' id='word_1_170' title='bbox 376 1406 619 1461; x_wconf 75' lang='lat' dir='ltr'><strong>„beneficia-</strong></span> <span class='ocrx_word' id='word_1_171' title='bbox 641 1430 699 1435; x_wconf 90' lang='lat'><strong>—</strong></span> <span class='ocrx_word' id='word_1_172' title='bbox 723 1406 848 1450; x_wconf 85' lang='lat' dir='ltr'><strong>Unde</strong></span> <span class='ocrx_word' id='word_1_173' title='bbox 874 1419 976 1461; x_wconf 89' lang='lat' dir='ltr'><strong>ergo</strong></span> <span class='ocrx_word' id='word_1_174' title='bbox 1001 1406 1098 1461; x_wconf 88' lang='lat' dir='ltr'><strong>ista,</strong></span> <span class='ocrx_word' id='word_1_175' title='bbox 1123 1420 1234 1461; x_wconf 91' lang='lat' dir='ltr'><strong>quae</strong></span> <span class='ocrx_word' id='word_1_176' title='bbox 1258 1407 1489 1462; x_wconf 76' lang='lat' dir='ltr'><strong>possides?</strong></span> <span class='ocrx_word' id='word_1_177' title='bbox 1526 1419 1636 1462; x_wconf 91' lang='lat' dir='ltr'><strong>quae</strong></span> <span class='ocrx_word' id='word_1_178' title='bbox 1661 1406 1777 1448; x_wconf 75' lang='lat' dir='ltr'><strong>das?</strong></span> <span class='ocrx_word' id='word_1_179' title='bbox 1813 1418 1923 1460; x_wconf 90' lang='lat' dir='ltr'><strong>quae</strong></span> <span class='ocrx_word' id='word_1_180' title='bbox 1948 1405 2117 1459; x_wconf 78' lang='lat' dir='ltr'><strong>negas?</strong></span> <span class='ocrx_word' id='word_1_181' title='bbox 2153 1418 2265 1460; x_wconf 91' lang='lat' dir='ltr'><strong>quae</strong></span> <span class='ocrx_word' id='word_1_182' title='bbox 2289 1407 2473 1449; x_wconf 78' lang='lat' dir='ltr'><strong>servas?</strong></span> <span class='ocrx_word' id='word_1_183' title='bbox 2506 1420 2615 1463; x_wconf 91' lang='lat' dir='ltr'><strong>quae</strong></span> <span class='ocrx_word' id='word_1_184' title='bbox 2640 1407 2789 1463; x_wconf 77' lang='lat' dir='ltr'><strong>rapis?</strong></span> 
     </span>
     <span class='ocr_line' id='line_1_17' title="bbox 373 1476 2791 1533; baseline 0 -11"><span class='ocrx_word' id='word_1_185' title='bbox 373 1480 487 1522; x_wconf 86' lang='lat' dir='ltr'><strong>unde</strong></span> <span class='ocrx_word' id='word_1_186' title='bbox 511 1479 620 1522; x_wconf 90' lang='lat' dir='ltr'><strong>haec</strong></span> <span class='ocrx_word' id='word_1_187' title='bbox 644 1478 977 1521; x_wconf 85' lang='lat' dir='ltr'><strong>innumerabilia</strong></span> <span class='ocrx_word' id='word_1_188' title='bbox 1002 1479 1163 1532; x_wconf 90' lang='lat' dir='ltr'><strong>oculos,</strong></span> <span class='ocrx_word' id='word_1_189' title='bbox 1200 1491 1347 1530; x_wconf 88' lang='lat' dir='ltr'><strong>aures,</strong></span> <span class='ocrx_word' id='word_1_190' title='bbox 1384 1480 1575 1522; x_wconf 90' lang='lat' dir='ltr'><strong>animum</strong></span> <span class='ocrx_word' id='word_1_191' title='bbox 1611 1477 1878 1520; x_wconf 80' lang='lat' dir='ltr'><strong>mulcentia?</strong></span> <span class='ocrx_word' id='word_1_192' title='bbox 1905 1476 2019 1518; x_wconf 89' lang='lat' dir='ltr'><strong>unde</strong></span> <span class='ocrx_word' id='word_1_193' title='bbox 2044 1477 2121 1518; x_wconf 90' lang='lat' dir='ltr'><strong>illa</strong></span> <span class='ocrx_word' id='word_1_194' title='bbox 2145 1490 2311 1533; x_wconf 92' lang='lat' dir='ltr'><strong>quoque</strong></span> <span class='ocrx_word' id='word_1_195' title='bbox 2335 1480 2548 1522; x_wconf 83' lang='lat' dir='ltr'><strong>luxuriam</strong></span> <span class='ocrx_word' id='word_1_196' title='bbox 2574 1480 2791 1523; x_wconf 89' lang='lat' dir='ltr'><strong>instruens</strong></span> 
     </span>
     <span class='ocr_line' id='line_1_18' title="bbox 372 1550 2791 1609; baseline 0.001 -14"><span class='ocrx_word' id='word_1_197' title='bbox 372 1552 531 1608; x_wconf 78' lang='lat' dir='ltr'><strong>copia?</strong></span> <span class='ocrx_word' id='word_1_198' title='bbox 568 1576 623 1581; x_wconf 86' lang='lat'><strong>—-</strong></span> <span class='ocrx_word' id='word_1_199' title='bbox 661 1553 742 1596; x_wconf 90' lang='lat' dir='ltr'><strong>Tot</strong></span> <span class='ocrx_word' id='word_1_200' title='bbox 766 1552 943 1595; x_wconf 87' lang='lat' dir='ltr'><strong>arbusta</strong></span> <span class='ocrx_word' id='word_1_201' title='bbox 969 1565 1054 1596; x_wconf 91' lang='lat' dir='ltr'><strong>non</strong></span> <span class='ocrx_word' id='word_1_202' title='bbox 1080 1564 1163 1595; x_wconf 90' lang='lat' dir='ltr'><strong>uno</strong></span> <span class='ocrx_word' id='word_1_203' title='bbox 1189 1552 1315 1596; x_wconf 89' lang='lat' dir='ltr'><strong>modo</strong></span> <span class='ocrx_word' id='word_1_204' title='bbox 1340 1552 1567 1607; x_wconf 84' lang='lat' dir='ltr'><strong>frugifera,</strong></span> <span class='ocrx_word' id='word_1_205' title='bbox 1599 1555 1660 1594; x_wconf 92' lang='lat' dir='ltr'><strong>tot</strong></span> <span class='ocrx_word' id='word_1_206' title='bbox 1690 1550 1850 1593; x_wconf 88' lang='lat' dir='ltr'><strong>herbae</strong></span> <span class='ocrx_word' id='word_1_207' title='bbox 1883 1551 2116 1606; x_wconf 89' lang='lat' dir='ltr'><strong>salutares,</strong></span> <span class='ocrx_word' id='word_1_208' title='bbox 2152 1555 2213 1593; x_wconf 92' lang='lat' dir='ltr'><strong>tot</strong></span> <span class='ocrx_word' id='word_1_209' title='bbox 2243 1551 2476 1595; x_wconf 90' lang='lat' dir='ltr'><strong>varietates</strong></span> <span class='ocrx_word' id='word_1_210' title='bbox 2501 1552 2690 1596; x_wconf 91' lang='lat' dir='ltr'><strong>ciborum</strong></span> <span class='ocrx_word' id='word_1_211' title='bbox 2714 1565 2791 1609; x_wconf 89' lang='lat' dir='ltr'><strong>per</strong></span> 
     </span>
     <span class='ocr_line' id='line_1_19' title="bbox 372 1624 2790 1680; baseline 0.001 -13"><span class='ocrx_word' id='word_1_212' title='bbox 372 1630 505 1668; x_wconf 88' lang='lat' dir='ltr'><strong>totum</strong></span> <span class='ocrx_word' id='word_1_213' title='bbox 531 1638 691 1668; x_wconf 89' lang='lat' dir='ltr'><strong>annum</strong></span> <span class='ocrx_word' id='word_1_214' title='bbox 717 1625 931 1680; x_wconf 83' lang='lat' dir='ltr'><strong>digestae,</strong></span> <span class='ocrx_word' id='word_1_215' title='bbox 963 1631 1009 1668; x_wconf 90' lang='lat' dir='ltr'><strong>ut</strong></span> <span class='ocrx_word' id='word_1_216' title='bbox 1041 1627 1168 1669; x_wconf 89' lang='lat' dir='ltr'><strong>inerti</strong></span> <span class='ocrx_word' id='word_1_217' title='bbox 1192 1639 1359 1680; x_wconf 91' lang='lat' dir='ltr'><strong>quoque</strong></span> <span class='ocrx_word' id='word_1_218' title='bbox 1383 1626 1559 1668; x_wconf 84' lang='lat' dir='ltr'><strong>fortuita</strong></span> <span class='ocrx_word' id='word_1_219' title='bbox 1584 1629 1725 1667; x_wconf 90' lang='lat' dir='ltr'><strong>terrae</strong></span> <span class='ocrx_word' id='word_1_220' title='bbox 1747 1624 1955 1666; x_wconf 90' lang='lat' dir='ltr'><strong>alimenta</strong></span> <span class='ocrx_word' id='word_1_221' title='bbox 1978 1624 2247 1678; x_wconf 85' lang='lat' dir='ltr'><strong>praeberent.</strong></span> <span class='ocrx_word' id='word_1_222' title='bbox 2305 1626 2396 1667; x_wconf 87' lang='lat' dir='ltr'><strong>Iam</strong></span> <span class='ocrx_word' id='word_1_223' title='bbox 2420 1626 2629 1669; x_wconf 89' lang='lat' dir='ltr'><strong>animalia</strong></span> <span class='ocrx_word' id='word_1_224' title='bbox 2653 1628 2790 1669; x_wconf 89' lang='lat' dir='ltr'><strong>omnis</strong></span> 
     </span>
     <span class='ocr_line' id='line_1_20' title="bbox 372 1695 2790 1754; baseline 0.001 -14"><span class='ocrx_word' id='word_1_225' title='bbox 372 1698 559 1753; x_wconf 90' lang='lat' dir='ltr'><strong>generis,</strong></span> <span class='ocrx_word' id='word_1_226' title='bbox 595 1699 685 1741; x_wconf 89' lang='lat' dir='ltr'><strong>alia</strong></span> <span class='ocrx_word' id='word_1_227' title='bbox 720 1699 765 1741; x_wconf 94' lang='lat' dir='ltr'><strong>in</strong></span> <span class='ocrx_word' id='word_1_228' title='bbox 794 1695 913 1741; x_wconf 77' lang='lat' dir='ltr'><strong>&#39;sicco</strong></span> <span class='ocrx_word' id='word_1_229' title='bbox 950 1698 1190 1753; x_wconf 89' lang='lat' dir='ltr'><strong>solidoque,</strong></span> <span class='ocrx_word' id='word_1_230' title='bbox 1226 1699 1315 1741; x_wconf 91' lang='lat' dir='ltr'><strong>alia</strong></span> <span class='ocrx_word' id='word_1_231' title='bbox 1353 1698 1397 1740; x_wconf 91' lang='lat' dir='ltr'><strong>in</strong></span> <span class='ocrx_word' id='word_1_232' title='bbox 1436 1698 1611 1740; x_wconf 91' lang='lat' dir='ltr'><strong>humido</strong></span> <span class='ocrx_word' id='word_1_233' title='bbox 1642 1697 1886 1751; x_wconf 84' lang='lat' dir='ltr'><strong>nascentia,</strong></span> <span class='ocrx_word' id='word_1_234' title='bbox 1918 1697 2007 1739; x_wconf 89' lang='lat' dir='ltr'><strong>alia</strong></span> <span class='ocrx_word' id='word_1_235' title='bbox 2031 1709 2107 1752; x_wconf 91' lang='lat' dir='ltr'><strong>per</strong></span> <span class='ocrx_word' id='word_1_236' title='bbox 2133 1696 2314 1739; x_wconf 89' lang='lat' dir='ltr'><strong>sublime</strong></span> <span class='ocrx_word' id='word_1_237' title='bbox 2338 1697 2548 1754; x_wconf 88' lang='lat' dir='ltr'><strong>demissa,</strong></span> <span class='ocrx_word' id='word_1_238' title='bbox 2581 1703 2627 1742; x_wconf 91' lang='lat' dir='ltr'><strong>ut</strong></span> <span class='ocrx_word' id='word_1_239' title='bbox 2652 1700 2790 1743; x_wconf 90' lang='lat' dir='ltr'><strong>omnis</strong></span> 
     </span>
     <span class='ocr_line' id='line_1_21' title="bbox 372 1768 2791 1828; baseline 0.001 -14"><span class='ocrx_word' id='word_1_240' title='bbox 372 1784 513 1814; x_wconf 86' lang='lat' dir='ltr'><strong>rerum</strong></span> <span class='ocrx_word' id='word_1_241' title='bbox 539 1775 720 1816; x_wconf 90' lang='lat' dir='ltr'><strong>naturae</strong></span> <span class='ocrx_word' id='word_1_242' title='bbox 745 1785 846 1828; x_wconf 89' lang='lat' dir='ltr'><strong>pars</strong></span> <span class='ocrx_word' id='word_1_243' title='bbox 870 1770 1075 1814; x_wconf 90' lang='lat' dir='ltr'><strong>tributum</strong></span> <span class='ocrx_word' id='word_1_244' title='bbox 1099 1772 1275 1827; x_wconf 89' lang='lat' dir='ltr'><strong>aliquod</strong></span> <span class='ocrx_word' id='word_1_245' title='bbox 1300 1771 1425 1815; x_wconf 90' lang='lat' dir='ltr'><strong>nobis</strong></span> <span class='ocrx_word' id='word_1_246' title='bbox 1448 1771 1670 1814; x_wconf 85' lang='lat' dir='ltr'><strong>conferret.</strong></span> <span class='ocrx_word' id='word_1_247' title='bbox 1699 1792 1744 1797; x_wconf 88' lang='lat'>—</span> <span class='ocrx_word' id='word_1_248' title='bbox 1773 1769 1827 1812; x_wconf 90' lang='lat' dir='ltr'><strong>Et</strong></span> <span class='ocrx_word' id='word_1_249' title='bbox 1851 1782 1945 1812; x_wconf 92' lang='lat' dir='ltr'><strong>cum</strong></span> <span class='ocrx_word' id='word_1_250' title='bbox 1971 1769 2067 1824; x_wconf 90' lang='lat' dir='ltr'><strong>ista,</strong></span> <span class='ocrx_word' id='word_1_251' title='bbox 2091 1782 2201 1824; x_wconf 91' lang='lat' dir='ltr'><strong>quae</strong></span> <span class='ocrx_word' id='word_1_252' title='bbox 2225 1768 2371 1825; x_wconf 89' lang='lat' dir='ltr'><strong>habes,</strong></span> <span class='ocrx_word' id='word_1_253' title='bbox 2393 1783 2549 1825; x_wconf 87' lang='lat' dir='ltr'><strong>magno</strong></span> <span class='ocrx_word' id='word_1_254' title='bbox 2574 1772 2791 1828; x_wconf 86' lang='lat' dir='ltr'><strong>aestimes,</strong></span> 
     </span>
     <span class='ocr_line' id='line_1_22' title="bbox 372 1841 2790 1899; baseline 0.001 -13"><span class='ocrx_word' id='word_1_255' title='bbox 372 1844 485 1899; x_wconf 89' lang='lat' dir='ltr'><strong>quod</strong></span> <span class='ocrx_word' id='word_1_256' title='bbox 509 1849 574 1887; x_wconf 92' lang='lat' dir='ltr'><strong>est</strong></span> <span class='ocrx_word' id='word_1_257' title='bbox 599 1844 759 1899; x_wconf 83' lang='lat' dir='ltr'><strong>ingrati</strong></span> <span class='ocrx_word' id='word_1_258' title='bbox 784 1843 987 1899; x_wconf 90' lang='lat' dir='ltr'><strong>hominis,</strong></span> <span class='ocrx_word' id='word_1_259' title='bbox 1022 1844 1129 1887; x_wconf 90' lang='lat' dir='ltr'><strong>nulli</strong></span> <span class='ocrx_word' id='word_1_260' title='bbox 1159 1843 1317 1887; x_wconf 89' lang='lat' dir='ltr'><strong>debere</strong></span> <span class='ocrx_word' id='word_1_261' title='bbox 1342 1850 1384 1887; x_wconf 91' lang='lat' dir='ltr'><strong>te</strong></span> <span class='ocrx_word' id='word_1_262' title='bbox 1409 1843 1612 1886; x_wconf 76' lang='lat' dir='ltr'><strong>iudicas?</strong></span> <span class='ocrx_word' id='word_1_263' title='bbox 1662 1842 1784 1886; x_wconf 90' lang='lat' dir='ltr'><strong>Unde</strong></span> <span class='ocrx_word' id='word_1_264' title='bbox 1809 1841 1888 1884; x_wconf 88' lang='lat' dir='ltr'><strong>tibi</strong></span> <span class='ocrx_word' id='word_1_265' title='bbox 1913 1842 2053 1897; x_wconf 87' lang='lat' dir='ltr'><strong>istum,</strong></span> <span class='ocrx_word' id='word_1_266' title='bbox 2078 1855 2204 1897; x_wconf 89' lang='lat' dir='ltr'><strong>quem</strong></span> <span class='ocrx_word' id='word_1_267' title='bbox 2227 1842 2378 1898; x_wconf 88' lang='lat' dir='ltr'><strong>trahis,</strong></span> <span class='ocrx_word' id='word_1_268' title='bbox 2404 1844 2600 1898; x_wconf 90' lang='lat' dir='ltr'><strong>spiritum</strong></span> <span class='ocrx_word' id='word_1_269' title='bbox 2615 1844 2638 1886; x_wconf 78' lang='lat'><strong>‘?</strong></span> <span class='ocrx_word' id='word_1_270' title='bbox 2676 1846 2790 1888; x_wconf 91' lang='lat' dir='ltr'><strong>unde</strong></span> 
     </span>
     <span class='ocr_line' id='line_1_23' title="bbox 372 1912 2789 1972; baseline 0 -14"><span class='ocrx_word' id='word_1_271' title='bbox 372 1917 520 1970; x_wconf 87' lang='lat' dir='ltr'><strong>istam,</strong></span> <span class='ocrx_word' id='word_1_272' title='bbox 547 1930 631 1972; x_wconf 71' lang='lat' dir='ltr'><strong>‚per</strong></span> <span class='ocrx_word' id='word_1_273' title='bbox 655 1929 784 1971; x_wconf 91' lang='lat' dir='ltr'><strong>quam</strong></span> <span class='ocrx_word' id='word_1_274' title='bbox 815 1921 937 1958; x_wconf 90' lang='lat' dir='ltr'><strong>actus</strong></span> <span class='ocrx_word' id='word_1_275' title='bbox 968 1917 1084 1958; x_wconf 92' lang='lat' dir='ltr'><strong>vitae</strong></span> <span class='ocrx_word' id='word_1_276' title='bbox 1118 1922 1219 1958; x_wconf 90' lang='lat' dir='ltr'><strong>tuae</strong></span> <span class='ocrx_word' id='word_1_277' title='bbox 1250 1916 1445 1972; x_wconf 91' lang='lat' dir='ltr'><strong>disponis</strong></span> <span class='ocrx_word' id='word_1_278' title='bbox 1474 1921 1603 1970; x_wconf 89' lang='lat' dir='ltr'><strong>atque</strong></span> <span class='ocrx_word' id='word_1_279' title='bbox 1629 1915 1824 1969; x_wconf 89' lang='lat' dir='ltr'><strong>ordinas,</strong></span> <span class='ocrx_word' id='word_1_280' title='bbox 1860 1912 2033 1956; x_wconf 75' lang='lat' dir='ltr'><strong>lucem?</strong></span> <span class='ocrx_word' id='word_1_281' title='bbox 2070 1914 2185 1956; x_wconf 91' lang='lat' dir='ltr'><strong>unde</strong></span> <span class='ocrx_word' id='word_1_282' title='bbox 2209 1915 2482 1970; x_wconf 89' lang='lat' dir='ltr'><strong>sanguinem,</strong></span> <span class='ocrx_word' id='word_1_283' title='bbox 2518 1917 2639 1958; x_wconf 91' lang='lat' dir='ltr'><strong>cuius</strong></span> <span class='ocrx_word' id='word_1_284' title='bbox 2663 1930 2789 1959; x_wconf 90' lang='lat' dir='ltr'><strong>cursu</strong></span> 
     </span>
     <span class='ocr_line' id='line_1_24' title="bbox 370 1986 2789 2045; baseline 0 -13"><span class='ocrx_word' id='word_1_285' title='bbox 370 1989 518 2032; x_wconf 91' lang='lat' dir='ltr'><strong>vitalis</strong></span> <span class='ocrx_word' id='word_1_286' title='bbox 543 1990 784 2032; x_wconf 88' lang='lat' dir='ltr'><strong>continetur</strong></span> <span class='ocrx_word' id='word_1_287' title='bbox 808 1989 957 2032; x_wconf 78' lang='lat' dir='ltr'><strong>calor?</strong></span> <span class='ocrx_word' id='word_1_288' title='bbox 983 1989 1097 2032; x_wconf 91' lang='lat' dir='ltr'><strong>unde</strong></span> <span class='ocrx_word' id='word_1_289' title='bbox 1122 1989 1207 2032; x_wconf 91' lang='lat' dir='ltr'><strong>ista</strong></span> <span class='ocrx_word' id='word_1_290' title='bbox 1232 1990 1427 2045; x_wconf 89' lang='lat' dir='ltr'><strong>palatum</strong></span> <span class='ocrx_word' id='word_1_291' title='bbox 1452 1993 1572 2031; x_wconf 90' lang='lat' dir='ltr'><strong>tuum</strong></span> <span class='ocrx_word' id='word_1_292' title='bbox 1598 1986 1823 2043; x_wconf 90' lang='lat' dir='ltr'><strong>saporibus</strong></span> <span class='ocrx_word' id='word_1_293' title='bbox 1841 1986 2064 2042; x_wconf 84' lang='lat' dir='ltr'><strong>exquisitis</strong></span> <span class='ocrx_word' id='word_1_294' title='bbox 2088 1987 2201 2029; x_wconf 92' lang='lat' dir='ltr'><strong>ultra</strong></span> <span class='ocrx_word' id='word_1_295' title='bbox 2225 1987 2470 2030; x_wconf 91' lang='lat' dir='ltr'><strong>satietatem</strong></span> <span class='ocrx_word' id='word_1_296' title='bbox 2494 1988 2754 2032; x_wconf 89' lang='lat' dir='ltr'><strong>lacessentia</strong></span> <span class='ocrx_word' id='word_1_297' title='bbox 2767 1990 2789 2031; x_wconf 73' lang='lat' dir='ltr'><strong>i&gt;</strong></span> 
     </span>
     <span class='ocr_line' id='line_1_25' title="bbox 371 2059 2790 2117; baseline 0 -12"><span class='ocrx_word' id='word_1_298' title='bbox 371 2086 428 2091; x_wconf 97' lang='lat'><strong>—</strong></span> <span class='ocrx_word' id='word_1_299' title='bbox 452 2063 533 2106; x_wconf 90' lang='lat' dir='ltr'><strong>Ille</strong></span> <span class='ocrx_word' id='word_1_300' title='bbox 556 2063 666 2107; x_wconf 87' lang='lat' dir='ltr'><strong>deus</strong></span> <span class='ocrx_word' id='word_1_301' title='bbox 691 2068 773 2117; x_wconf 90' lang='lat' dir='ltr'><strong>est,</strong></span> <span class='ocrx_word' id='word_1_302' title='bbox 806 2063 878 2117; x_wconf 93' lang='lat' dir='ltr'><strong>qui</strong></span> <span class='ocrx_word' id='word_1_303' title='bbox 908 2062 1112 2117; x_wconf 82' lang='lat' dir='ltr'><strong>gregibus</strong></span> <span class='ocrx_word' id='word_1_304' title='bbox 1136 2062 1294 2117; x_wconf 92' lang='lat' dir='ltr'><strong>ubique</strong></span> <span class='ocrx_word' id='word_1_305' title='bbox 1319 2062 1481 2117; x_wconf 88' lang='lat' dir='ltr'><strong>passim</strong></span> <span class='ocrx_word' id='word_1_306' title='bbox 1516 2060 1777 2116; x_wconf 88' lang='lat' dir='ltr'><strong>vagantibus</strong></span> <span class='ocrx_word' id='word_1_307' title='bbox 1807 2059 2014 2116; x_wconf 91' lang='lat' dir='ltr'><strong>pabulum</strong></span> <span class='ocrx_word' id='word_1_308' title='bbox 2051 2064 2263 2116; x_wconf 84' lang='lat' dir='ltr'><strong>praestat,</strong></span> <span class='ocrx_word' id='word_1_309' title='bbox 2298 2061 2370 2115; x_wconf 91' lang='lat' dir='ltr'><strong>qui</strong></span> <span class='ocrx_word' id='word_1_310' title='bbox 2405 2074 2567 2116; x_wconf 87' lang='lat' dir='ltr'><strong>pascua</strong></span> <span class='ocrx_word' id='word_1_311' title='bbox 2599 2061 2790 2106; x_wconf 88' lang='lat' dir='ltr'><strong>hibernis</strong></span> 
     </span>
     <span class='ocr_line' id='line_1_26' title="bbox 371 2133 2789 2191; baseline 0.001 -15"><span class='ocrx_word' id='word_1_312' title='bbox 371 2135 540 2178; x_wconf 86' lang='lat' dir='ltr'><strong>aestiva</strong></span> <span class='ocrx_word' id='word_1_313' title='bbox 566 2134 799 2191; x_wconf 88' lang='lat' dir='ltr'><strong>substituit,</strong></span> <span class='ocrx_word' id='word_1_314' title='bbox 822 2136 895 2189; x_wconf 90' lang='lat' dir='ltr'><strong>qui</strong></span> <span class='ocrx_word' id='word_1_315' title='bbox 918 2148 1005 2178; x_wconf 91' lang='lat' dir='ltr'><strong>non</strong></span> <span class='ocrx_word' id='word_1_316' title='bbox 1029 2136 1195 2178; x_wconf 92' lang='lat' dir='ltr'><strong>calamo</strong></span> <span class='ocrx_word' id='word_1_317' title='bbox 1220 2140 1387 2178; x_wconf 90' lang='lat' dir='ltr'><strong>tantum</strong></span> <span class='ocrx_word' id='word_1_318' title='bbox 1413 2140 1588 2177; x_wconf 86' lang='lat' dir='ltr'><strong>cantare</strong></span> <span class='ocrx_word' id='word_1_319' title='bbox 1613 2138 1656 2176; x_wconf 91' lang='lat' dir='ltr'><strong>et</strong></span> <span class='ocrx_word' id='word_1_320' title='bbox 1680 2138 1852 2187; x_wconf 90' lang='lat' dir='ltr'><strong>agreste</strong></span> <span class='ocrx_word' id='word_1_321' title='bbox 1877 2138 2007 2187; x_wconf 90' lang='lat' dir='ltr'><strong>atque</strong></span> <span class='ocrx_word' id='word_1_322' title='bbox 2031 2133 2296 2176; x_wconf 91' lang='lat' dir='ltr'><strong>inconditum</strong></span> <span class='ocrx_word' id='word_1_323' title='bbox 2321 2146 2494 2176; x_wconf 88' lang='lat' dir='ltr'><strong>carmen</strong></span> <span class='ocrx_word' id='word_1_324' title='bbox 2518 2135 2576 2177; x_wconf 91' lang='lat' dir='ltr'><strong>ad</strong></span> <span class='ocrx_word' id='word_1_325' title='bbox 2599 2136 2789 2190; x_wconf 89' lang='lat' dir='ltr'><strong>aliquam</strong></span> 
     </span>
     <span class='ocr_line' id='line_1_27' title="bbox 370 2206 2788 2268; baseline 0 -19"><span class='ocrx_word' id='word_1_326' title='bbox 370 2211 515 2250; x_wconf 89' lang='lat' dir='ltr'><strong>tamen</strong></span> <span class='ocrx_word' id='word_1_327' title='bbox 539 2207 884 2251; x_wconf 87' lang='lat' dir='ltr'><strong>observationem</strong></span> <span class='ocrx_word' id='word_1_328' title='bbox 908 2207 1123 2250; x_wconf 89' lang='lat' dir='ltr'><strong>modulari</strong></span> <span class='ocrx_word' id='word_1_329' title='bbox 1147 2207 1308 2260; x_wconf 90' lang='lat' dir='ltr'><strong>docuit,</strong></span> <span class='ocrx_word' id='word_1_330' title='bbox 1340 2206 1417 2250; x_wconf 89' lang='lat' dir='ltr'><strong>sed</strong></span> <span class='ocrx_word' id='word_1_331' title='bbox 1441 2211 1502 2249; x_wconf 89' lang='lat' dir='ltr'><strong>tot</strong></span> <span class='ocrx_word' id='word_1_332' title='bbox 1526 2210 1662 2260; x_wconf 90' lang='lat' dir='ltr'><strong>artes,</strong></span> <span class='ocrx_word' id='word_1_333' title='bbox 1694 2210 1755 2268; x_wconf 87' lang='lat' dir='ltr'><strong>tot</strong></span> <span class='ocrx_word' id='word_1_334' title='bbox 1779 2218 1931 2248; x_wconf 89' lang='lat' dir='ltr'><strong>vocum</strong></span> <span class='ocrx_word' id='word_1_335' title='bbox 1955 2206 2209 2261; x_wconf 90' lang='lat' dir='ltr'><strong>varietates,</strong></span> <span class='ocrx_word' id='word_1_336' title='bbox 2240 2209 2302 2248; x_wconf 90' lang='lat' dir='ltr'><strong>tot</strong></span> <span class='ocrx_word' id='word_1_337' title='bbox 2327 2218 2472 2261; x_wconf 73' lang='lat' dir='ltr'><strong>sonoS,</strong></span> <span class='ocrx_word' id='word_1_338' title='bbox 2498 2207 2609 2250; x_wconf 89' lang='lat' dir='ltr'><strong>alios</strong></span> <span class='ocrx_word' id='word_1_339' title='bbox 2635 2208 2788 2262; x_wconf 89' lang='lat' dir='ltr'><strong>spiritu</strong></span> 
     </span>
     <span class='ocr_line' id='line_1_28' title="bbox 369 2278 2790 2335; baseline 0 -13"><span class='ocrx_word' id='word_1_340' title='bbox 369 2283 532 2334; x_wconf 89' lang='lat' dir='ltr'><strong>nostro,</strong></span> <span class='ocrx_word' id='word_1_341' title='bbox 569 2280 681 2324; x_wconf 90' lang='lat' dir='ltr'><strong>alios</strong></span> <span class='ocrx_word' id='word_1_342' title='bbox 704 2284 879 2324; x_wconf 88' lang='lat' dir='ltr'><strong>externo</strong></span> <span class='ocrx_word' id='word_1_343' title='bbox 913 2283 1066 2324; x_wconf 90' lang='lat' dir='ltr'><strong>cantus</strong></span> <span class='ocrx_word' id='word_1_344' title='bbox 1091 2279 1294 2334; x_wconf 87' lang='lat' dir='ltr'><strong>edituros,</strong></span> <span class='ocrx_word' id='word_1_345' title='bbox 1330 2283 1593 2324; x_wconf 89' lang='lat' dir='ltr'><strong>commentus</strong></span> <span class='ocrx_word' id='word_1_346' title='bbox 1626 2283 1703 2322; x_wconf 88' lang='lat' dir='ltr'><strong>est.</strong></span> <span class='ocrx_word' id='word_1_347' title='bbox 1760 2278 1912 2333; x_wconf 88' lang='lat' dir='ltr'><strong>Neque</strong></span> <span class='ocrx_word' id='word_1_348' title='bbox 1938 2278 2052 2322; x_wconf 91' lang='lat' dir='ltr'><strong>enim</strong></span> <span class='ocrx_word' id='word_1_349' title='bbox 2075 2282 2222 2322; x_wconf 90' lang='lat' dir='ltr'><strong>nostra</strong></span> <span class='ocrx_word' id='word_1_350' title='bbox 2252 2278 2356 2333; x_wconf 86' lang='lat' dir='ltr'><strong>ista,</strong></span> <span class='ocrx_word' id='word_1_351' title='bbox 2390 2291 2501 2333; x_wconf 89' lang='lat' dir='ltr'><strong>quae</strong></span> <span class='ocrx_word' id='word_1_352' title='bbox 2533 2279 2790 2335; x_wconf 87' lang='lat' dir='ltr'><strong>invenimus,</strong></span> 
     </span>
     <span class='ocr_line' id='line_1_29' title="bbox 370 2346 2790 2407; baseline 0 -13"><span class='ocrx_word' id='word_1_353' title='bbox 370 2351 549 2406; x_wconf 84' lang='lat' dir='ltr'><strong>dixeris,</strong></span> <span class='ocrx_word' id='word_1_354' title='bbox 573 2366 659 2395; x_wconf 91' lang='lat' dir='ltr'><strong>non</strong></span> <span class='ocrx_word' id='word_1_355' title='bbox 681 2352 840 2405; x_wconf 88' lang='lat' dir='ltr'><strong>magis,</strong></span> <span class='ocrx_word' id='word_1_356' title='bbox 864 2365 993 2406; x_wconf 87' lang='lat' dir='ltr'><strong>quam</strong></span> <span class='ocrx_word' id='word_1_357' title='bbox 1017 2351 1132 2407; x_wconf 90' lang='lat' dir='ltr'><strong>quod</strong></span> <span class='ocrx_word' id='word_1_358' title='bbox 1156 2352 1404 2407; x_wconf 87' lang='lat' dir='ltr'><strong>crescimus,</strong></span> <span class='ocrx_word' id='word_1_359' title='bbox 1428 2365 1556 2406; x_wconf 89' lang='lat' dir='ltr'><strong>quam</strong></span> <span class='ocrx_word' id='word_1_360' title='bbox 1580 2351 1694 2405; x_wconf 90' lang='lat' dir='ltr'><strong>quod</strong></span> <span class='ocrx_word' id='word_1_361' title='bbox 1716 2351 1774 2394; x_wconf 92' lang='lat' dir='ltr'><strong>ad</strong></span> <span class='ocrx_word' id='word_1_362' title='bbox 1798 2351 2075 2395; x_wconf 88' lang='lat' dir='ltr'><strong>constitutum</strong></span> <span class='ocrx_word' id='word_1_363' title='bbox 2099 2354 2337 2404; x_wconf 90' lang='lat' dir='ltr'><strong>temporum</strong></span> <span class='ocrx_word' id='word_1_364' title='bbox 2361 2346 2440 2394; x_wconf 90' lang='lat' dir='ltr'><strong>sua</strong></span> <span class='ocrx_word' id='word_1_365' title='bbox 2465 2351 2629 2406; x_wconf 87' lang='lat' dir='ltr'><strong>corpori</strong></span> <span class='ocrx_word' id='word_1_366' title='bbox 2649 2351 2790 2395; x_wconf 84' lang='lat' dir='ltr'><strong>officia</strong></span> 
     </span>
    </p>
   </div>
   <div class='ocr_carea' id='block_1_3' title="bbox 367 2524 2791 3359">
    <p class='ocr_par' dir='ltr' id='par_1_7' title="bbox 367 2524 2791 2743">
     <span class='ocr_line' id='line_1_30' title="bbox 372 2524 2789 2573; baseline 0 -11"><span class='ocrx_word' id='word_1_367' title='bbox 372 2537 494 2563; x_wconf 86' lang='lat' dir='ltr'><strong>eorum</strong></span> <span class='ocrx_word' id='word_1_368' title='bbox 518 2527 601 2571; x_wconf 82' lang='lat' dir='ltr'><strong>fuit,</strong></span> <span class='ocrx_word' id='word_1_369' title='bbox 626 2528 685 2572; x_wconf 90' lang='lat' dir='ltr'><strong>qui</strong></span> <span class='ocrx_word' id='word_1_370' title='bbox 710 2527 864 2564; x_wconf 78' lang='lat' dir='ltr'><strong>animum</strong></span> <span class='ocrx_word' id='word_1_371' title='bbox 889 2538 997 2573; x_wconf 85' lang='lat' dir='ltr'><strong>supra</strong></span> <span class='ocrx_word' id='word_1_372' title='bbox 1020 2528 1198 2564; x_wconf 86' lang='lat' dir='ltr'><strong>fortunam</strong></span> <span class='ocrx_word' id='word_1_373' title='bbox 1223 2528 1348 2572; x_wconf 87' lang='lat' dir='ltr'><strong>gessit,</strong></span> <span class='ocrx_word' id='word_1_374' title='bbox 1373 2527 1433 2572; x_wconf 90' lang='lat' dir='ltr'><strong>qui</strong></span> <span class='ocrx_word' id='word_1_375' title='bbox 1456 2527 1493 2562; x_wconf 88' lang='lat' dir='ltr'><strong>in</strong></span> <span class='ocrx_word' id='word_1_376' title='bbox 1517 2526 1734 2563; x_wconf 88' lang='lat' dir='ltr'><strong>dissensione</strong></span> <span class='ocrx_word' id='word_1_377' title='bbox 1758 2525 1866 2565; x_wconf 84' lang='lat' dir='ltr'><strong>civili.</strong></span> <span class='ocrx_word' id='word_1_378' title='bbox 1892 2525 2058 2571; x_wconf 88' lang='lat' dir='ltr'><strong>quoniam</strong></span> <span class='ocrx_word' id='word_1_379' title='bbox 2081 2524 2132 2561; x_wconf 88' lang='lat' dir='ltr'><strong>ita</strong></span> <span class='ocrx_word' id='word_1_380' title='bbox 2155 2524 2380 2570; x_wconf 86' lang='lat' dir='ltr'><strong>expediebat,</strong></span> <span class='ocrx_word' id='word_1_381' title='bbox 2405 2525 2498 2561; x_wconf 88' lang='lat' dir='ltr'><strong>vinci</strong></span> <span class='ocrx_word' id='word_1_382' title='bbox 2521 2536 2627 2570; x_wconf 86' lang='lat' dir='ltr'><strong>quam</strong></span> <span class='ocrx_word' id='word_1_383' title='bbox 2650 2526 2789 2563; x_wconf 85' lang='lat' dir='ltr'><strong>vincere</strong></span> 
     </span>
     <span class='ocr_line' id='line_1_31' title="bbox 377 2581 2791 2629; baseline 0 -12"><span class='ocrx_word' id='word_1_384' title='bbox 377 2583 509 2618; x_wconf 67' lang='lat' dir='ltr'><strong>maluit„</strong></span> <span class='ocrx_word' id='word_1_385' title='bbox 557 2583 697 2618; x_wconf 85' lang='lat' dir='ltr'><strong>Referri</strong></span> <span class='ocrx_word' id='word_1_386' title='bbox 719 2584 771 2618; x_wconf 90' lang='lat' dir='ltr'><strong>illi</strong></span> <span class='ocrx_word' id='word_1_387' title='bbox 795 2584 911 2628; x_wconf 84' lang='lat' dir='ltr'><strong>gratia</strong></span> <span class='ocrx_word' id='word_1_388' title='bbox 933 2588 1008 2619; x_wconf 92' lang='lat' dir='ltr'><strong>tum</strong></span> <span class='ocrx_word' id='word_1_389' title='bbox 1032 2584 1139 2629; x_wconf 85' lang='lat' dir='ltr'><strong>longo</strong></span> <span class='ocrx_word' id='word_1_390' title='bbox 1164 2584 1279 2629; x_wconf 87' lang='lat' dir='ltr'><strong>spatio</strong></span> <span class='ocrx_word' id='word_1_391' title='bbox 1304 2592 1376 2618; x_wconf 88' lang='lat' dir='ltr'><strong>non</strong></span> <span class='ocrx_word' id='word_1_392' title='bbox 1400 2583 1532 2629; x_wconf 87' lang='lat' dir='ltr'><strong>potuit:</strong></span> <span class='ocrx_word' id='word_1_393' title='bbox 1556 2584 1593 2618; x_wconf 91' lang='lat' dir='ltr'><strong>in</strong></span> <span class='ocrx_word' id='word_1_394' title='bbox 1616 2583 1709 2618; x_wconf 89' lang='lat' dir='ltr'><strong>illius</strong></span> <span class='ocrx_word' id='word_1_395' title='bbox 1732 2586 1931 2627; x_wconf 88' lang='lat' dir='ltr'><strong>respectum</strong></span> <span class='ocrx_word' id='word_1_396' title='bbox 1955 2583 2021 2617; x_wconf 88' lang='lat' dir='ltr'><strong>iste</strong></span> <span class='ocrx_word' id='word_1_397' title='bbox 2044 2582 2176 2627; x_wconf 88' lang='lat' dir='ltr'><strong>populo</strong></span> <span class='ocrx_word' id='word_1_398' title='bbox 2199 2581 2413 2626; x_wconf 84' lang='lat' dir='ltr'><strong>praesideat,</strong></span> <span class='ocrx_word' id='word_1_399' title='bbox 2437 2591 2509 2616; x_wconf 92' lang='lat' dir='ltr'><strong>non</strong></span> <span class='ocrx_word' id='word_1_400' title='bbox 2533 2582 2616 2626; x_wconf 89' lang='lat' dir='ltr'><strong>quia</strong></span> <span class='ocrx_word' id='word_1_401' title='bbox 2640 2583 2707 2617; x_wconf 89' lang='lat' dir='ltr'><strong>scit</strong></span> <span class='ocrx_word' id='word_1_402' title='bbox 2730 2588 2791 2618; x_wconf 85' lang='lat' dir='ltr'><strong>aut</strong></span> 
     </span>
     <span class='ocr_line' id='line_1_32' title="bbox 367 2637 2790 2683; baseline 0 -9"><span class='ocrx_word' id='word_1_403' title='bbox 367 2643 503 2683; x_wconf 77' lang='lat' dir='ltr'><strong>potest,</strong></span> <span class='ocrx_word' id='word_1_404' title='bbox 527 2639 591 2674; x_wconf 90' lang='lat' dir='ltr'><strong>sed</strong></span> <span class='ocrx_word' id='word_1_405' title='bbox 614 2639 698 2683; x_wconf 88' lang='lat' dir='ltr'><strong>quia</strong></span> <span class='ocrx_word' id='word_1_406' title='bbox 721 2639 812 2675; x_wconf 90' lang='lat' dir='ltr'><strong>alius</strong></span> <span class='ocrx_word' id='word_1_407' title='bbox 835 2650 900 2683; x_wconf 88' lang='lat' dir='ltr'><strong>pro</strong></span> <span class='ocrx_word' id='word_1_408' title='bbox 921 2639 984 2675; x_wconf 88' lang='lat' dir='ltr'><strong>illo</strong></span> <span class='ocrx_word' id='word_1_409' title='bbox 1008 2639 1165 2675; x_wconf 79' lang='lat' dir='ltr'><strong>meruit“</strong></span> <span class='ocrx_word' id='word_1_410' title='bbox 1212 2639 1299 2683; x_wconf 83' lang='lat' dir='ltr'><strong>Quis</strong></span> <span class='ocrx_word' id='word_1_411' title='bbox 1322 2643 1377 2674; x_wconf 89' lang='lat' dir='ltr'><strong>est</strong></span> <span class='ocrx_word' id='word_1_412' title='bbox 1401 2638 1461 2682; x_wconf 91' lang='lat' dir='ltr'><strong>qui</strong></span> <span class='ocrx_word' id='word_1_413' title='bbox 1485 2639 1573 2674; x_wconf 86' lang='lat' dir='ltr'><strong>haec</strong></span> <span class='ocrx_word' id='word_1_414' title='bbox 1596 2638 1719 2682; x_wconf 83' lang='lat' dir='ltr'><strong>legens</strong></span> <span class='ocrx_word' id='word_1_415' title='bbox 1742 2648 1812 2673; x_wconf 91' lang='lat' dir='ltr'><strong>non</strong></span> <span class='ocrx_word' id='word_1_416' title='bbox 1835 2637 2041 2674; x_wconf 86' lang='lat' dir='ltr'><strong>recordetur</strong></span> <span class='ocrx_word' id='word_1_417' title='bbox 2062 2637 2151 2673; x_wconf 90' lang='lat' dir='ltr'><strong>illud</strong></span> <span class='ocrx_word' id='word_1_418' title='bbox 2174 2637 2303 2673; x_wconf 85' lang='lat' dir='ltr'><strong>veteris</strong></span> <span class='ocrx_word' id='word_1_419' title='bbox 2325 2638 2527 2673; x_wconf 86' lang='lat' dir='ltr'><strong>testamenti</strong></span> <span class='ocrx_word' id='word_1_420' title='bbox 2563 2641 2646 2682; x_wconf 66' lang='lat' dir='ltr'><strong>„nat</strong></span> <span class='ocrx_word' id='word_1_421' title='bbox 2671 2640 2790 2675; x_wconf 79' lang='grc' dir='ltr'><strong><em>ποιῶν</em></strong></span> 
     </span>
     <span class='ocr_line' id='line_1_33' title="bbox 371 2692 2263 2743; baseline -0.001 -13"><span class='ocrx_word' id='word_1_422' title='bbox 371 2696 471 2735; x_wconf 76' lang='grc' dir='ltr'><strong><em>ἔλεος</em></strong></span> <span class='ocrx_word' id='word_1_423' title='bbox 495 2698 545 2735; x_wconf 68' lang='grc' dir='ltr'><strong>εἰς</strong></span> <span class='ocrx_word' id='word_1_424' title='bbox 561 2693 731 2741; x_wconf 73' lang='grc' dir='ltr'><strong><em>χιλιάδας</em></strong></span> <span class='ocrx_word' id='word_1_425' title='bbox 754 2699 829 2735; x_wconf 78' lang='grc' dir='ltr'><strong><em>τοῖς</em></strong></span> <span class='ocrx_word' id='word_1_426' title='bbox 851 2695 1026 2742; x_wconf 75' lang='grc' dir='ltr'>ἀγαπῶσι</span> <span class='ocrx_word' id='word_1_427' title='bbox 1049 2698 1111 2731; x_wconf 79' lang='grc' dir='ltr'><strong>καὶ</strong></span> <span class='ocrx_word' id='word_1_428' title='bbox 1134 2700 1211 2735; x_wconf 75' lang='grc' dir='ltr'><strong>τοῖς</strong></span> <span class='ocrx_word' id='word_1_429' title='bbox 1234 2692 1466 2742; x_wconf 77' lang='grc' dir='ltr'><strong><em>φυλάσσουσι</em></strong></span> <span class='ocrx_word' id='word_1_430' title='bbox 1492 2694 1535 2729; x_wconf 78' lang='grc' dir='ltr'><strong>τὰ</strong></span> <span class='ocrx_word' id='word_1_431' title='bbox 1559 2692 1824 2743; x_wconf 79' lang='grc' dir='ltr'><em>προστάγμαῐά</em></span> <span class='ocrx_word' id='word_1_432' title='bbox 1846 2697 1947 2740; x_wconf 81' lang='grc' dir='ltr'>μου“</span> <span class='ocrx_word' id='word_1_433' title='bbox 1971 2694 2107 2739; x_wconf 77' lang='grc' dir='ltr'><strong>(ΕΧοᾶ.</strong></span> <span class='ocrx_word' id='word_1_434' title='bbox 2124 2700 2177 2737; x_wconf 79' lang='grc'><strong>34,</strong></span> <span class='ocrx_word' id='word_1_435' title='bbox 2196 2694 2263 2739; x_wconf 80' lang='lat'>7)⁴?</span> 
     </span>
    </p>

    <p class='ocr_par' dir='ltr' id='par_1_8' title="bbox 370 2750 2789 2913">
     <span class='ocr_line' id='line_1_34' title="bbox 598 2750 2789 2799; baseline -0 -10"><span class='ocrx_word' id='word_1_436' title='bbox 598 2754 657 2799; x_wconf 80' lang='lat'><strong>47)</strong></span> <span class='ocrx_word' id='word_1_437' title='bbox 681 2751 738 2788; x_wconf 87' lang='lat' dir='ltr'><strong>De</strong></span> <span class='ocrx_word' id='word_1_438' title='bbox 762 2751 881 2790; x_wconf 87' lang='lat' dir='ltr'><strong>benef.</strong></span> <span class='ocrx_word' id='word_1_439' title='bbox 903 2750 967 2796; x_wconf 88' lang='lat' dir='ltr'><strong>IV,</strong></span> <span class='ocrx_word' id='word_1_440' title='bbox 993 2757 1047 2796; x_wconf 81' lang='lat'><strong>26,</strong></span> <span class='ocrx_word' id='word_1_441' title='bbox 1074 2757 1112 2789; x_wconf 86' lang='lat'><strong>1:</strong></span> <span class='ocrx_word' id='word_1_442' title='bbox 1149 2751 1222 2798; x_wconf 86' lang='lat' dir='ltr'><strong>„Et</strong></span> <span class='ocrx_word' id='word_1_443' title='bbox 1252 2750 1488 2788; x_wconf 84' lang='lat' dir='ltr'><strong>sceleratis</strong></span> <span class='ocrx_word' id='word_1_444' title='bbox 1517 2751 1581 2790; x_wconf 89' lang='lat' dir='ltr'><strong>sol</strong></span> <span class='ocrx_word' id='word_1_445' title='bbox 1610 2751 1760 2788; x_wconf 87' lang='lat' dir='ltr'><strong>oritur</strong></span> <span class='ocrx_word' id='word_1_446' title='bbox 1789 2755 1825 2787; x_wconf 88' lang='lat' dir='ltr'><strong>et</strong></span> <span class='ocrx_word' id='word_1_447' title='bbox 1853 2750 1977 2797; x_wconf 84' lang='lat' dir='ltr'><strong>piratis</strong></span> <span class='ocrx_word' id='word_1_448' title='bbox 2006 2754 2129 2797; x_wconf 83' lang='lat' dir='ltr'><strong>patent</strong></span> <span class='ocrx_word' id='word_1_449' title='bbox 2157 2750 2298 2787; x_wconf 55' lang='lat' dir='ltr'><strong>maria!</strong></span> <span class='ocrx_word' id='word_1_450' title='bbox 2345 2750 2435 2788; x_wconf 81' lang='lat' dir='ltr'><strong>Cum</strong></span> <span class='ocrx_word' id='word_1_451' title='bbox 2458 2760 2528 2797; x_wconf 89' lang='lat' dir='ltr'><strong>quo</strong></span> <span class='ocrx_word' id='word_1_452' title='bbox 2553 2751 2631 2789; x_wconf 83' lang='lat' dir='ltr'><strong>loco</strong></span> <span class='ocrx_word' id='word_1_453' title='bbox 2656 2751 2789 2790; x_wconf 89' lang='lat' dir='ltr'><strong>dudum</strong></span> 
     </span>
     <span class='ocr_line' id='line_1_35' title="bbox 370 2805 2789 2856; baseline -0.001 -11"><span class='ocrx_word' id='word_1_454' title='bbox 370 2811 514 2845; x_wconf 81' lang='lat' dir='ltr'><strong>fuerunt</strong></span> <span class='ocrx_word' id='word_1_455' title='bbox 536 2811 598 2854; x_wconf 93' lang='lat' dir='ltr'><strong>qui</strong></span> <span class='ocrx_word' id='word_1_456' title='bbox 621 2814 868 2854; x_wconf 85' lang='lat' dir='ltr'><strong>compararent</strong></span> <span class='ocrx_word' id='word_1_457' title='bbox 891 2810 1075 2844; x_wconf 85' lang='lat' dir='ltr'><strong>salvatoris</strong></span> <span class='ocrx_word' id='word_1_458' title='bbox 1099 2810 1211 2844; x_wconf 85' lang='lat' dir='ltr'><strong>nostri</strong></span> <span class='ocrx_word' id='word_1_459' title='bbox 1235 2809 1446 2844; x_wconf 83' lang='lat' dir='ltr'><strong>sanctissimi</strong></span> <span class='ocrx_word' id='word_1_460' title='bbox 1476 2809 1584 2843; x_wconf 87' lang='lat' dir='ltr'><strong>verba</strong></span> <span class='ocrx_word' id='word_1_461' title='bbox 1616 2806 1692 2852; x_wconf 52' lang='grc' dir='ltr'><strong>ηὸτι</strong></span> <span class='ocrx_word' id='word_1_462' title='bbox 1724 2807 1788 2842; x_wconf 83' lang='grc' dir='ltr'><strong>τὸν</strong></span> <span class='ocrx_word' id='word_1_463' title='bbox 1817 2805 1922 2850; x_wconf 77' lang='grc' dir='ltr'><strong><em>ἥλιον</em></strong></span> <span class='ocrx_word' id='word_1_464' title='bbox 1950 2806 2065 2843; x_wconf 76' lang='grc' dir='ltr'><em>αὐτοῦ</em></span> <span class='ocrx_word' id='word_1_465' title='bbox 2096 2807 2284 2843; x_wconf 78' lang='grc' dir='ltr'><strong><em>ἀνατέλλει</em></strong></span> <span class='ocrx_word' id='word_1_466' title='bbox 2312 2809 2375 2843; x_wconf 74' lang='grc' dir='ltr'><strong>ἐπὶ</strong></span> <span class='ocrx_word' id='word_1_467' title='bbox 2399 2808 2585 2856; x_wconf 80' lang='grc' dir='ltr'><em>πονηροὺς</em></span> <span class='ocrx_word' id='word_1_468' title='bbox 2607 2811 2669 2844; x_wconf 76' lang='grc' dir='ltr'><strong>καὶ</strong></span> <span class='ocrx_word' id='word_1_469' title='bbox 2692 2808 2789 2854; x_wconf 76' lang='grc' dir='ltr'><em>ἀγα-</em></span> 
     </span>
     <span class='ocr_line' id='line_1_36' title="bbox 373 2863 1681 2913; baseline -0.002 -12"><span class='ocrx_word' id='word_1_470' title='bbox 373 2864 474 2910; x_wconf 73' lang='grc' dir='ltr'><em>θούς,</em></span> <span class='ocrx_word' id='word_1_471' title='bbox 499 2868 562 2901; x_wconf 72' lang='grc' dir='ltr'><strong>καὶ</strong></span> <span class='ocrx_word' id='word_1_472' title='bbox 584 2868 705 2913; x_wconf 75' lang='grc' dir='ltr'><strong><em>βρέχει</em></strong></span> <span class='ocrx_word' id='word_1_473' title='bbox 727 2866 791 2901; x_wconf 73' lang='grc' dir='ltr'><strong>ἐπὶ</strong></span> <span class='ocrx_word' id='word_1_474' title='bbox 814 2867 979 2905; x_wconf 76' lang='grc' dir='ltr'><strong><em>δικαίους</em></strong></span> <span class='ocrx_word' id='word_1_475' title='bbox 1002 2868 1063 2900; x_wconf 76' lang='grc' dir='ltr'><strong>καὶ</strong></span> <span class='ocrx_word' id='word_1_476' title='bbox 1088 2865 1272 2904; x_wconf 61' lang='lat' dir='ltr'><strong>&amp;Marone-⁴⁴</strong></span> <span class='ocrx_word' id='word_1_477' title='bbox 1297 2865 1375 2910; x_wconf 88' lang='lat' dir='ltr'><strong>(Ev.</strong></span> <span class='ocrx_word' id='word_1_478' title='bbox 1398 2863 1524 2900; x_wconf 81' lang='lat' dir='ltr'><strong>Matth.</strong></span> <span class='ocrx_word' id='word_1_479' title='bbox 1542 2864 1585 2906; x_wconf 88' lang='lat' dir='ltr'><strong>V,</strong></span> <span class='ocrx_word' id='word_1_480' title='bbox 1609 2867 1681 2908; x_wconf 81' lang='lat'>45.)</span> 
     </span>
    </p>

    <p class='ocr_par' dir='ltr' id='par_1_9' title="bbox 371 2918 2789 3181">
     <span class='ocr_line' id='line_1_37' title="bbox 596 2918 2788 2966; baseline 0 -10"><span class='ocrx_word' id='word_1_481' title='bbox 596 2922 658 2966; x_wconf 79' lang='lat'><strong>48)</strong></span> <span class='ocrx_word' id='word_1_482' title='bbox 680 2920 736 2956; x_wconf 90' lang='lat' dir='ltr'><strong>De</strong></span> <span class='ocrx_word' id='word_1_483' title='bbox 759 2919 875 2956; x_wconf 80' lang='lat' dir='ltr'><strong>benef.</strong></span> <span class='ocrx_word' id='word_1_484' title='bbox 898 2920 960 2964; x_wconf 89' lang='lat' dir='ltr'><strong>IV,</strong></span> <span class='ocrx_word' id='word_1_485' title='bbox 986 2927 1039 2964; x_wconf 82' lang='lat'><strong>28,</strong></span> <span class='ocrx_word' id='word_1_486' title='bbox 1064 2927 1102 2957; x_wconf 82' lang='lat'><strong>6:</strong></span> <span class='ocrx_word' id='word_1_487' title='bbox 1140 2920 1268 2965; x_wconf 90' lang='lat' dir='ltr'><strong>„Deus</strong></span> <span class='ocrx_word' id='word_1_488' title='bbox 1293 2929 1433 2965; x_wconf 88' lang='lat' dir='ltr'><strong>quoque</strong></span> <span class='ocrx_word' id='word_1_489' title='bbox 1457 2919 1630 2965; x_wconf 80' lang='lat' dir='ltr'><strong>quaedam</strong></span> <span class='ocrx_word' id='word_1_490' title='bbox 1651 2929 1800 2956; x_wconf 87' lang='lat' dir='ltr'><strong>munera</strong></span> <span class='ocrx_word' id='word_1_491' title='bbox 1822 2918 1986 2955; x_wconf 86' lang='lat' dir='ltr'><strong>universo</strong></span> <span class='ocrx_word' id='word_1_492' title='bbox 2010 2918 2164 2956; x_wconf 89' lang='lat' dir='ltr'><strong>humano</strong></span> <span class='ocrx_word' id='word_1_493' title='bbox 2187 2920 2309 2965; x_wconf 82' lang='lat' dir='ltr'><strong>generi</strong></span> <span class='ocrx_word' id='word_1_494' title='bbox 2332 2920 2446 2964; x_wconf 86' lang='lat' dir='ltr'><strong>dedit,</strong></span> <span class='ocrx_word' id='word_1_495' title='bbox 2471 2931 2494 2957; x_wconf 88' lang='lat' dir='ltr'><strong>a</strong></span> <span class='ocrx_word' id='word_1_496' title='bbox 2516 2920 2644 2965; x_wconf 89' lang='lat' dir='ltr'><strong>quibus</strong></span> <span class='ocrx_word' id='word_1_497' title='bbox 2668 2920 2788 2957; x_wconf 86' lang='lat' dir='ltr'><strong>exclu-</strong></span> 
     </span>
     <span class='ocr_line' id='line_1_38' title="bbox 371 2974 2789 3022; baseline 0 -10"><span class='ocrx_word' id='word_1_498' title='bbox 371 2977 467 3012; x_wconf 87' lang='lat' dir='ltr'><strong>ditur</strong></span> <span class='ocrx_word' id='word_1_499' title='bbox 489 2981 624 3012; x_wconf 88' lang='lat' dir='ltr'><strong>nemo.“</strong></span> <span class='ocrx_word' id='word_1_500' title='bbox 672 2976 761 3011; x_wconf 88' lang='lat' dir='ltr'><strong>Ibid.</strong></span> <span class='ocrx_word' id='word_1_501' title='bbox 786 2983 816 3012; x_wconf 84' lang='lat'><strong>4.</strong></span> <span class='ocrx_word' id='word_1_502' title='bbox 840 2982 879 3011; x_wconf 82' lang='lat'><strong>³:</strong></span> <span class='ocrx_word' id='word_1_503' title='bbox 916 2977 1025 3022; x_wconf 76' lang='lat' dir='ltr'><strong>„Quis</strong></span> <span class='ocrx_word' id='word_1_504' title='bbox 1048 2981 1103 3013; x_wconf 89' lang='lat' dir='ltr'><strong>est</strong></span> <span class='ocrx_word' id='word_1_505' title='bbox 1124 2982 1243 3013; x_wconf 82' lang='lat' dir='ltr'><strong>autem</strong></span> <span class='ocrx_word' id='word_1_506' title='bbox 1270 2981 1344 3012; x_wconf 84' lang='lat' dir='ltr'><strong>tam</strong></span> <span class='ocrx_word' id='word_1_507' title='bbox 1375 2977 1496 3019; x_wconf 89' lang='lat' dir='ltr'><strong>miser,</strong></span> <span class='ocrx_word' id='word_1_508' title='bbox 1525 2980 1599 3011; x_wconf 89' lang='lat' dir='ltr'><strong>tam</strong></span> <span class='ocrx_word' id='word_1_509' title='bbox 1629 2975 1827 3020; x_wconf 83' lang='lat' dir='ltr'><strong>neglectus,</strong></span> <span class='ocrx_word' id='word_1_510' title='bbox 1857 2974 1936 3019; x_wconf 88' lang='lat' dir='ltr'><strong>quis</strong></span> <span class='ocrx_word' id='word_1_511' title='bbox 1964 2978 2036 3009; x_wconf 86' lang='lat' dir='ltr'><strong>tam</strong></span> <span class='ocrx_word' id='word_1_512' title='bbox 2066 2975 2155 3010; x_wconf 89' lang='lat' dir='ltr'><strong>duro</strong></span> <span class='ocrx_word' id='word_1_513' title='bbox 2178 2976 2252 3011; x_wconf 83' lang='lat' dir='ltr'><strong>fato</strong></span> <span class='ocrx_word' id='word_1_514' title='bbox 2276 2980 2313 3011; x_wconf 90' lang='lat' dir='ltr'><strong>et</strong></span> <span class='ocrx_word' id='word_1_515' title='bbox 2334 2977 2372 3011; x_wconf 91' lang='lat' dir='ltr'><strong>in</strong></span> <span class='ocrx_word' id='word_1_516' title='bbox 2394 2986 2545 3021; x_wconf 83' lang='lat' dir='ltr'><strong>poenam</strong></span> <span class='ocrx_word' id='word_1_517' title='bbox 2568 2976 2725 3021; x_wconf 81' lang='lat' dir='ltr'><strong>genitus,</strong></span> <span class='ocrx_word' id='word_1_518' title='bbox 2749 2981 2789 3011; x_wconf 88' lang='lat' dir='ltr'><strong>ut</strong></span> 
     </span>
     <span class='ocr_line' id='line_1_39' title="bbox 372 3031 2786 3077; baseline -0 -9"><span class='ocrx_word' id='word_1_519' title='bbox 372 3043 443 3068; x_wconf 88' lang='lat' dir='ltr'><strong>non</strong></span> <span class='ocrx_word' id='word_1_520' title='bbox 466 3037 602 3068; x_wconf 84' lang='lat' dir='ltr'><strong>tantam</strong></span> <span class='ocrx_word' id='word_1_521' title='bbox 626 3033 773 3068; x_wconf 87' lang='lat' dir='ltr'><strong>deorum</strong></span> <span class='ocrx_word' id='word_1_522' title='bbox 802 3032 1079 3067; x_wconf 78' lang='lat' dir='ltr'><strong>munificentiam</strong></span> <span class='ocrx_word' id='word_1_523' title='bbox 1108 3033 1284 3068; x_wconf 87' lang='lat' dir='ltr'><strong>senserit?</strong></span> <span class='ocrx_word' id='word_1_524' title='bbox 1332 3033 1433 3077; x_wconf 89' lang='lat' dir='ltr'><strong>Ipsos</strong></span> <span class='ocrx_word' id='word_1_525' title='bbox 1463 3032 1543 3067; x_wconf 88' lang='lat' dir='ltr'><strong>illos</strong></span> <span class='ocrx_word' id='word_1_526' title='bbox 1572 3031 1832 3075; x_wconf 86' lang='lat' dir='ltr'><strong>complorantes</strong></span> <span class='ocrx_word' id='word_1_527' title='bbox 1860 3035 1991 3073; x_wconf 80' lang='lat' dir='ltr'><strong>sortem</strong></span> <span class='ocrx_word' id='word_1_528' title='bbox 2020 3041 2121 3065; x_wconf 82' lang='lat' dir='ltr'><strong>suam</strong></span> <span class='ocrx_word' id='word_1_529' title='bbox 2149 3036 2185 3066; x_wconf 90' lang='lat' dir='ltr'><strong>et</strong></span> <span class='ocrx_word' id='word_1_530' title='bbox 2215 3033 2381 3076; x_wconf 88' lang='lat' dir='ltr'><strong>querulos</strong></span> <span class='ocrx_word' id='word_1_531' title='bbox 2412 3032 2659 3077; x_wconf 85' lang='lat' dir='ltr'><strong>circumspice:</strong></span> <span class='ocrx_word' id='word_1_532' title='bbox 2691 3033 2786 3067; x_wconf 88' lang='lat' dir='ltr'><strong>inve-</strong></span> 
     </span>
     <span class='ocr_line' id='line_1_40' title="bbox 372 3086 2788 3133; baseline -0 -9"><span class='ocrx_word' id='word_1_533' title='bbox 372 3088 449 3124; x_wconf 86' lang='lat' dir='ltr'><strong>nies</strong></span> <span class='ocrx_word' id='word_1_534' title='bbox 471 3098 542 3123; x_wconf 89' lang='lat' dir='ltr'><strong>non</strong></span> <span class='ocrx_word' id='word_1_535' title='bbox 565 3098 611 3123; x_wconf 89' lang='lat' dir='ltr'><strong>ex</strong></span> <span class='ocrx_word' id='word_1_536' title='bbox 635 3091 710 3122; x_wconf 88' lang='lat' dir='ltr'><strong>toto</strong></span> <span class='ocrx_word' id='word_1_537' title='bbox 733 3087 985 3123; x_wconf 85' lang='lat' dir='ltr'><strong>beneficiorum</strong></span> <span class='ocrx_word' id='word_1_538' title='bbox 1009 3088 1213 3124; x_wconf 88' lang='lat' dir='ltr'><strong>caelestium</strong></span> <span class='ocrx_word' id='word_1_539' title='bbox 1242 3093 1423 3132; x_wconf 80' lang='lat' dir='ltr'><strong>expertes3</strong></span> <span class='ocrx_word' id='word_1_540' title='bbox 1456 3088 1631 3124; x_wconf 89' lang='lat' dir='ltr'><strong>neminem</strong></span> <span class='ocrx_word' id='word_1_541' title='bbox 1658 3097 1750 3128; x_wconf 89' lang='lat' dir='ltr'><strong>esse,</strong></span> <span class='ocrx_word' id='word_1_542' title='bbox 1783 3086 1828 3123; x_wconf 88' lang='lat' dir='ltr'><strong>ad</strong></span> <span class='ocrx_word' id='word_1_543' title='bbox 1858 3096 1963 3130; x_wconf 91' lang='lat' dir='ltr'><strong>quem</strong></span> <span class='ocrx_word' id='word_1_544' title='bbox 1992 3097 2064 3122; x_wconf 92' lang='lat' dir='ltr'><strong>non</strong></span> <span class='ocrx_word' id='word_1_545' title='bbox 2092 3087 2225 3132; x_wconf 86' lang='lat' dir='ltr'><strong>aliquid</strong></span> <span class='ocrx_word' id='word_1_546' title='bbox 2248 3098 2294 3123; x_wconf 88' lang='lat' dir='ltr'><strong>ex</strong></span> <span class='ocrx_word' id='word_1_547' title='bbox 2315 3088 2377 3124; x_wconf 89' lang='lat' dir='ltr'><strong>illo</strong></span> <span class='ocrx_word' id='word_1_548' title='bbox 2407 3088 2660 3133; x_wconf 82' lang='lat' dir='ltr'><strong>benignissimo</strong></span> <span class='ocrx_word' id='word_1_549' title='bbox 2691 3087 2788 3123; x_wconf 78' lang='lat' dir='ltr'><strong>sonte</strong></span> 
     </span>
     <span class='ocr_line' id='line_1_41' title="bbox 373 3144 599 3181; baseline 0.004 -1"><span class='ocrx_word' id='word_1_550' title='bbox 373 3144 599 3181; x_wconf 80' lang='lat' dir='ltr'><strong>manaverit.“</strong></span> 
     </span>
    </p>

    <p class='ocr_par' dir='ltr' id='par_1_10' title="bbox 600 3199 1144 3246">
     <span class='ocr_line' id='line_1_42' title="bbox 600 3199 1144 3246; baseline -0.002 -11"><span class='ocrx_word' id='word_1_551' title='bbox 600 3202 660 3246; x_wconf 82' lang='grc'><strong>49)</strong></span> <span class='ocrx_word' id='word_1_552' title='bbox 684 3200 741 3236; x_wconf 92' lang='lat' dir='ltr'><strong>De</strong></span> <span class='ocrx_word' id='word_1_553' title='bbox 765 3200 883 3236; x_wconf 87' lang='lat' dir='ltr'><strong>benef.</strong></span> <span class='ocrx_word' id='word_1_554' title='bbox 905 3199 955 3242; x_wconf 91' lang='grc' dir='ltr'><strong>Π,</strong></span> <span class='ocrx_word' id='word_1_555' title='bbox 981 3205 1033 3240; x_wconf 78' lang='lat'><strong>29,</strong></span> <span class='ocrx_word' id='word_1_556' title='bbox 1064 3206 1078 3235; x_wconf 88' lang='lat'><em>1</em></span> <span class='ocrx_word' id='word_1_557' title='bbox 1095 3210 1144 3244; x_wconf 91' lang='lat' dir='ltr'><strong>sq.</strong></span> 
     </span>
    </p>

    <p class='ocr_par' dir='ltr' id='par_1_11' title="bbox 599 3256 2137 3303">
     <span class='ocr_line' id='line_1_43' title="bbox 599 3256 2137 3303; baseline -0.001 -11"><span class='ocrx_word' id='word_1_558' title='bbox 599 3260 660 3302; x_wconf 80' lang='lat'><strong>50)</strong></span> <span class='ocrx_word' id='word_1_559' title='bbox 684 3257 772 3292; x_wconf 90' lang='lat' dir='ltr'><strong>Ibid.</strong></span> <span class='ocrx_word' id='word_1_560' title='bbox 795 3260 824 3303; x_wconf 72' lang='lat'><strong>§-</strong></span> <span class='ocrx_word' id='word_1_561' title='bbox 844 3263 874 3292; x_wconf 88' lang='lat'><strong>6.</strong></span> <span class='ocrx_word' id='word_1_562' title='bbox 899 3277 943 3284; x_wconf 91' lang='lat'><strong>-—</strong></span> <span class='ocrx_word' id='word_1_563' title='bbox 966 3256 1010 3292; x_wconf 85' lang='lat' dir='ltr'><strong>cf.</strong></span> <span class='ocrx_word' id='word_1_564' title='bbox 1037 3261 1065 3301; x_wconf 74' lang='lat'><strong>§-</strong></span> <span class='ocrx_word' id='word_1_565' title='bbox 1082 3262 1121 3291; x_wconf 82' lang='lat'><strong>3:</strong></span> <span class='ocrx_word' id='word_1_566' title='bbox 1159 3257 1358 3301; x_wconf 85' lang='lat' dir='ltr'><strong>„Quidquid</strong></span> <span class='ocrx_word' id='word_1_567' title='bbox 1384 3257 1489 3292; x_wconf 90' lang='lat' dir='ltr'><strong>nobis</strong></span> <span class='ocrx_word' id='word_1_568' title='bbox 1513 3261 1679 3301; x_wconf 87' lang='lat' dir='ltr'><strong>negatum</strong></span> <span class='ocrx_word' id='word_1_569' title='bbox 1704 3261 1773 3299; x_wconf 87' lang='lat' dir='ltr'><strong>est,</strong></span> <span class='ocrx_word' id='word_1_570' title='bbox 1797 3257 1874 3291; x_wconf 82' lang='lat' dir='ltr'><strong>dari</strong></span> <span class='ocrx_word' id='word_1_571' title='bbox 1898 3267 1968 3291; x_wconf 88' lang='lat' dir='ltr'><strong>nou</strong></span> <span class='ocrx_word' id='word_1_572' title='bbox 1993 3257 2137 3301; x_wconf 82' lang='lat' dir='ltr'><strong>potuit.“</strong></span> 
     </span>
    </p>

    <p class='ocr_par' dir='ltr' id='par_1_12' title="bbox 600 3313 1373 3359">
     <span class='ocr_line' id='line_1_44' title="bbox 600 3313 1373 3359; baseline -0.004 -10"><span class='ocrx_word' id='word_1_573' title='bbox 600 3315 662 3359; x_wconf 88' lang='lat'><strong>51)</strong></span> <span class='ocrx_word' id='word_1_574' title='bbox 685 3313 742 3348; x_wconf 89' lang='lat' dir='ltr'><strong>De</strong></span> <span class='ocrx_word' id='word_1_575' title='bbox 766 3314 882 3348; x_wconf 85' lang='lat' dir='ltr'><strong>benef.</strong></span> <span class='ocrx_word' id='word_1_576' title='bbox 906 3313 969 3355; x_wconf 92' lang='lat' dir='ltr'><strong>IV,</strong></span> <span class='ocrx_word' id='word_1_577' title='bbox 996 3318 1026 3355; x_wconf 82' lang='lat'><strong>5,</strong></span> <span class='ocrx_word' id='word_1_578' title='bbox 1055 3318 1135 3357; x_wconf 90' lang='lat' dir='ltr'><strong>lsq.</strong></span> <span class='ocrx_word' id='word_1_579' title='bbox 1177 3318 1207 3355; x_wconf 87' lang='lat'><strong>6,</strong></span> <span class='ocrx_word' id='word_1_580' title='bbox 1233 3318 1261 3346; x_wconf 85' lang='lat'><strong>3.</strong></span> <span class='ocrx_word' id='word_1_581' title='bbox 1287 3318 1306 3347; x_wconf 82' lang='lat'><strong>5</strong></span> <span class='ocrx_word' id='word_1_582' title='bbox 1322 3323 1373 3357; x_wconf 91' lang='lat' dir='ltr'><strong>sq.</strong></span> 
     </span>
    </p>
   </div>
  </div>
 </body>
</html>
