3085 3679
1288 184 1418 247 -—13

193 330 358 371 Seneca
380 323 435 364 de
459 321 630 362 servis
654 319 891 361 tractandis
914 320 1041 372 longe
1065 320 1193 363 aliter
1216 326 1360 364 censet
1384 325 1513 374 atque
1535 321 1766 375 populares
1789 318 1883 362 eius
1907 323 1950 361 et
1974 317 2142 360 Graeci.
2198 317 2247 360 In
2271 316 2457 372 epistula
2481 316 2596 361 enim

193 394 523 455 quadragesima
547 392 746 446 septima,
779 404 891 446 quae
916 396 1004 433 tota
1028 396 1224 435 versatur
1248 394 1291 436 in
1316 392 1397 436 hac
1420 406 1467 436 re
1491 391 1762 448 exponenda,
1798 389 2012 434 Lucilium
2047 389 2233 432 amicum
2265 394 2306 433 et
2336 402 2596 445 magnopere

192 469 360 521 laudat,
395 466 508 520 quod
531 465 802 508 familiariter
831 477 927 507 cum
959 465 1096 507 servis
1125 465 1262 519 vivat,
1297 471 1340 509 et
1373 466 1565 520 graviter
1599 465 1818 519 admonet,
1855 468 1902 507 ut
1937 462 2049 506 idem
2086 462 2227 506 facere
2263 468 2424 517 pergat.
2483 463 2595 508 Nam

192 555 338 585 servos
372 552 538 593 quoque
573 538 677 581 dicit
712 538 905 581 homines
940 549 1053 591 esse,
1097 538 1227 582 immo
1264 539 1474 594 amicos,
1515 551 1771 594 quamquam
1813 537 2009 581 humiles.
2042 559 2100 565 —
2135 535 2212 578 Vir
2247 535 2420 590 sapiens
2455 536 2596 591 igitur,

191 612 360 669 qualem
385 609 549 655 Seneca
580 614 722 655 mente
753 609 963 664 concepit,
995 621 1122 663 quam
1157 610 1353 665 plurimis
1387 611 1590 666 prodesse
1627 610 1789 665 studet,
1823 611 1885 653 ita
1921 615 2084 664 tamen,
2120 612 2185 663 ut,
2221 621 2322 650 num
2357 608 2459 662 quid
2490 609 2596 651 lucri

190 689 356 731 laturus
380 684 452 739 sit,
476 697 560 727 non
586 688 705 726 curet
722 680 803 737 ⁹⁶),
835 682 1069 736 ingratos
1093 696 1259 737 quoque
1283 683 1492 727 adiuvare
1515 687 1667 738 pergat
1686 681 1767 738 ⁹⁷),
1799 696 1851 726 ac
1874 696 1929 725 ne
1952 683 1997 724 in
2022 683 2186 724 malos
2210 680 2382 736 quidem
2406 681 2595 723 conferre

189 757 395 803 beneficia
418 761 632 811 gravetur.
649 758 666 783 ⁹
678 754 718 810 ⁸)

416 830 558 882 „Haec
582 828 779 871 faciendo
803 832 845 869 et
869 827 1006 869 malos
1029 828 1239 881 pertinaci
1265 828 1457 872 bonit-ate
1481 829 1636 871 vincit“
1658 827 1726 882 00)
1753 833 1795 871 et
1819 829 1911 883 ipse
1936 829 2039 871 felix
2062 827 2118 869 fit.
2137 826 2232 880 100)

414 902 562 954 Quid?
599 902 666 945 Ne
690 900 885 945 inimicos
909 899 1080 954 quidem
1105 900 1243 944 fructu
1274 901 1465 945 caritatis
1496 915 1601 946 suae
1631 901 1921 946 excludendos
1951 906 2085 957 putat.
2144 899 2240 953 Qua
2270 899 2441 955 quidem
2475 900 2519 942 in
2551 913 2597 942 re

190 981 453 1032 quantopere
477 976 667 1018 Senecae
691 972 906 1016 sententia
929 985 956 1014 a
979 972 1257 1028 popularibus
1281 979 1323 1017 et
1348 973 1545 1029 Graecis,
1568 989 1622 1018 ne
1646 974 1800 1018 Stoicis
1824 974 1996 1029 quidem
2021 974 2229 1028 exceptis,
2253 972 2445 1027 differat,
2469 972 2596 1015 facile

191 1054 255 1092 est
279 1049 338 1091 ad
361 1048 709 1101 intellegendum.
768 1046 951 1101 Cyrum
989 1046 1161 1100 quidem
1195 1047 1401 1090 minorem
1433 1052 1579 1090 notum
1610 1053 1675 1090 est
1711 1048 1839 1102 (Xen.
1863 1048 1944 1091 An.
1963 1048 1994 1100 I,
2015 1050 2053 1101 9,
2077 1045 2145 1100 11)
2170 1060 2197 1089 a
2228 1046 2296 1089 dis
2325 1045 2519 1100 petiisse,
2550 1058 2596 1088 ut

190 1121 272 1164 sibi
310 1121 474 1163 tamdiu
510 1120 657 1162 vivere
692 1120 860 1173 liceret,
896 1118 997 1159 dum
1035 1124 1076 1160 et
1111 1119 1306 1162 inimicos
1339 1120 1508 1162 iniuriis
1543 1126 1586 1163 et
1621 1121 1782 1164 amicos
1816 1119 2033 1164 beneficiis
2064 1119 2301 1163 referendis
2339 1124 2595 1173 superasset.

191 1195 339 1236 Plato
377 1193 565 1236 Graecos
588 1196 740 1246 putare
771 1191 975 1245 affirmat,
1006 1191 1087 1233 viri
1124 1191 1292 1234 honesti
1327 1206 1422 1234 esse
1458 1192 1642 1235 amicis
1672 1192 1878 1236 beneficia
1909 1192 2116 1246 tribuere,
2155 1192 2399 1234 inimicos
2435 1190 2594 1233 ulcisci.
2620 1207 2627 1210 >

191 1266 281 1308 Nec
314 1266 457 1307 minus
493 1265 814 1307 Aristoteles
849 1264 894 1305 in
919 1264 1058 1305 virum
1083 1264 1239 1305 bonum
1265 1270 1394 1318 atque
1417 1265 1642 1307 honestum
1675 1267 1827 1309 cadere
1855 1266 1976 1319 dicit,
2007 1279 2102 1306 cum
2134 1263 2318 1306 inimicis
2341 1263 2386 1305 in
2409 1263 2593 1316 gratiam

190 1352 275 1380 non
299 1337 458 1391 redire,
484 1337 561 1380 sed
574 1332 819 1379 ‘vindictam
844 1335 899 1378 ab
924 1335 979 1377 iis
1003 1348 1183 1378 sumere.
1238 1336 1276 1378 A
1301 1350 1478 1391 quorum
1504 1338 1717 1380 sententia
1741 1338 1866 1392 longe
1890 1337 2073 1381 discedit
2098 1336 2280 1389 Seneca,
2311 1349 2405 1378 cum
2439 1335 2594 1379 etiam

190 1410 435 1452 inimicos
462 1409 708 1451 amandos
732 1421 828 1451 esse
854 1408 988 1450 docet.

415 1483 536 1534 „Non
555 1487 601 1524 ut
621 1482 665 1523 in
684 1479 913 1534 beneficiis,
929 1481 1088 1535 inquit¹
1100 1483 1117 1507 0
1129 1479 1182 1536 1),
1200 1481 1423 1523 honestum
1441 1487 1507 1524 est
1523 1483 1677 1524 merita
1695 1483 1859 1524 meritis
1877 1497 2118 1537 repensare,
2137 1486 2198 1527 ita
2217 1485 2399 1528 iniurias
2417 1486 2596 1529 iniuriis.

191 1555 285 1597 Illic
308 1554 422 1597 vinci
446 1559 571 1610 turpe
596 1557 673 1607 est,
698 1552 766 1594 hic
789 1552 973 1594 vincere.
1010 1553 1347 1596 Inhumanum
1372 1554 1548 1596 verbum
1570 1559 1634 1596 est
1653 1578 1709 1583 -—
1727 1555 1899 1596 ultio“.
1936 1557 2056 1598 Idem
2076 1559 2162 1599 alio
2181 1560 2273 1600 loco
2292 1559 2408 1613 ¹⁰²):
2437 1573 2595 1614 „usque

189 1629 247 1671 ad
284 1629 480 1671 ultimum
517 1628 634 1669 vitae
668 1625 794 1668 finem
830 1625 874 1667 in
912 1630 1011 1667 actu
1047 1626 1217 1681 erimus,
1253 1641 1336 1669 non
1372 1627 1619 1671 desinemus
1643 1628 1855 1670 communi
1884 1628 1994 1672 bono
2018 1644 2193 1685 operam
2229 1632 2352 1685 dare,
2387 1633 2594 1678 adiuvare

190 1702 400 1756 singulos,
425 1714 567 1755 opem
593 1700 730 1741 ferre
756 1697 910 1740 etiam
935 1698 1166 1741 inimicis
1191 1700 1346 1742 senili
1370 1701 1562 1743 manu.“
1584 1698 1679 1754 ¹⁰⁸)

412 1774 469 1817 Ut
500 1777 643 1815 autem
668 1769 852 1812 inimicis
882 1770 1093 1827 ignoscat,
1130 1785 1180 1815 eo
1215 1772 1483 1827 potissimum
1520 1774 1694 1830 sapiens
1729 1773 1975 1829 adducitur,
2010 1775 2123 1829 quod
2159 1776 2297 1831 ipsum
2334 1791 2380 1820 se
2414 1779 2591 1822 multum

189 1860 390 1901 peccasse
414 1859 498 1888 non
523 1846 702 1898 ignorat.
764 1847 964 1902 „Nemo,
988 1845 1125 1899 inquit
1148 1844 1313 1888 Seneca
1331 1843 1440 1900 ¹⁰⁴),
1464 1846 1788 1901 invenietur,
1824 1847 1988 1900 quise
2020 1848 2185 1901 possit
2219 1848 2515 1906 absolvere,
2551 1857 2593 1895 et

190 1920 519 1962 innocentem
545 1918 723 1972 quisque
748 1933 795 1962 se
819 1919 923 1962 dicit
946 1917 1183 1973 respiciens
1205 1922 1412 1973 testem,
1442 1932 1527 1962 non
1551 1918 1944 1962 conscientiam.
2002 1918 2171 1970 Quanto
2195 1920 2423 1966 humanius
2447 1923 2593 1967 mitem

189 1998 232 2035 et
255 1991 440 2046 patrium
465 1991 655 2034 animum
681 1996 902 2046 praestare
926 1989 1202 2047 peccantibus
1226 1994 1267 2034 et
1290 1990 1389 2034 illos
1411 2004 1496 2035 non
1520 1991 1738 2047 persequi,
1762 1990 1838 2034 sed
1862 1992 2098 2035 1·evocare.“

411 2062 497 2106 Sed
528 2062 651 2119 haec,
694 2078 804 2119 quae
838 2064 1004 2108 Seneca
1039 2063 1263 2119 praecipit,
1306 2067 1428 2107 tanta
1464 2068 1581 2120 sunt,
1622 2076 1731 2120 quae
1766 2063 1857 2107 sine
1897 2063 2093 2108 adiutore
2129 2066 2304 2122 sapiens
2339 2081 2423 2111 non
2460 2070 2596 2124 possit

189 2135 402 2193 perficere.
445 2136 556 2179 Nam
586 2150 773 2192 „nemo,
797 2137 933 2192 inquit
957 2137 1030 2181 ille
1049 2135 1181 2192 ¹⁰⁵),“
1209 2149 1301 2193 per
1326 2149 1379 2181 se
1404 2137 1534 2180 satis
1557 2137 1714 2191 valet,
1746 2140 1792 2179 ut
1816 2142 2026 2192 emergat3
2050 2142 2215 2193 oportet
2238 2152 2413 2184 manum
2438 2142 2596 2197 aliquis

417 2250 478 2291 96)
501 2247 557 2281 De
581 2247 695 2282 benef.
713 2247 745 2289 Ι,
774 2254 802 2289 1,
830 2253 889 2282 12:
923 2247 1020 2288 „Hoc
1043 2253 1079 2282 et
1100 2247 1220 2291 magni
1242 2247 1349 2281 animi
1371 2251 1407 2281 et
1430 2247 1513 2281 boni
1535 2247 1715 2291 proprium
1738 2251 1807 2289 est,
1832 2256 1903 2281 non
1926 2247 2116 2283 fructum
2140 2248 2463 2286 beneficiorum
2487 2253 2595 2296 sequi.

189 2303 251 2339 sed
281 2303 390 2348 ipsa,
420 2308 457 2339 et
485 2307 565 2348 post
586 2302 698 2339 malos
721 2311 860 2347 quoque
885 2302 1014 2338 bonum
1039 2306 1242 2348 quaerere.“
1289 2302 1569 2348 Comparandum
1592 2306 1709 2338 autem
1731 2302 1819 2338 illud
1842 2307 1914 2346 est,
1943 2303 2038 2348 quod
2062 2304 2162 2340 Iesus
2184 2306 2345 2342 Christus
2369 2307 2475 2344 dixit:
2511 2307 2597 2343 Ἐὰν

188 2359 261 2407 γὰρ
282 2357 494 2406 ἀγαπήσητε
519 2358 603 2398 τοὺς
626 2358 851 2406 ἀγαπῶντας
874 2357 981 2406 ὑμᾶς,
1006 2362 1088 2395 τίνα
1110 2359 1251 2407 μισθὸν
1273 2361 1393 2406 3282,-
1430 2358 1510 2402 (Ev.
1532 2358 1655 2394 Matth.
1672 2358 1717 2401 V,
1742 2360 1813 2403 46.)

413 2420 475 2460 97)
497 2416 552 2451 De
576 2416 690 2452 benef.
715 2416 776 2457 IV,
801 2421 854 2458 26,
881 2422 917 2450 1:
954 2416 1012 2458 „Si
1035 2416 1120 2451 deos
1143 2416 1301 2459 imitaris,
1323 2416 1370 2450 da
1393 2420 1429 2450 et
1451 2415 1597 2458 ingratis
1620 2415 1861 2450 beneficium.“

412 2474 474 2517 98)
497 2472 554 2507 De
578 2471 692 2507 benef.
715 2471 776 2514 lv,
801 2478 854 2514 28,
882 2479 917 2507 1:
954 2471 1091 2514 „Satius
1113 2475 1168 2508 est
1190 2475 1307 2507 autem
1331 2470 1498 2516 prodesse
1522 2470 1628 2506 etiam
1652 2470 1753 2506 malis
1775 2475 1923 2517 propter
1938 2471 2053 2509 bonos
2069 2483 2174 2518 quam
2192 2474 2296 2511 bonis
2313 2475 2435 2512 deesse
2452 2481 2596 2522 propter

188 2528 338 2571 malos“;
362 2527 406 2564 cf.
431 2527 514 2563 ibid.
540 2533 593 2571 26,
620 2534 648 2562 1.
673 2548 716 2554 —
741 2528 793 2571 II,
820 2534 834 2562 1
848 2555 856 2570 ‚
882 2534 943 2562 11:
980 2528 1113 2572 „Quam
1136 2527 1238 2562 multi
1261 2526 1396 2571 indigni
1417 2527 1496 2562 luce
1520 2531 1617 2569 sunt,
1641 2530 1677 2561 et
1698 2531 1818 2562 tamen
1841 2527 1918 2563 dies
1941 2529 2075 2563 oritur*
2098 2533 2163 2564 cet.

414 2586 476 2629 99)
500 2584 556 2620 De
581 2584 698 2620 benef.
722 2583 812 2627 Vll,
838 2590 896 2626 31,
924 2591 960 2619 1:
998 2583 1094 2626 „Nec
1118 2583 1301 2627 quisquam
1323 2587 1397 2618 tam
1426 2582 1507 2618 duri
1530 2583 1717 2627 infestique
1741 2583 1911 2619 adversus
1934 2584 2114 2629 diligenda
2137 2587 2245 2621 animi
2269 2591 2338 2629 est,
2368 2592 2408 2622 ut
2430 2588 2535 2623 etiam
2559 2589 2595 2622 in

188 2641 352 2676 iniuriam
376 2640 491 2676 bonos
513 2640 566 2685 (h.
589 2651 619 2675 e.
643 2651 714 2683 eos,
739 2641 799 2685 qui
822 2641 905 2676 boni
929 2645 1012 2676 sunt
1034 2640 1071 2675 in
1095 2649 1165 2682 eos,
1189 2649 1211 2674 a
1234 2639 1361 2683 quibus
1385 2639 1548 2675 iniuriam
1577 2640 1812 2684 acceperuut)
1835 2649 1907 2676 non
1931 2644 2038 2683 amet,
2071 2641 2198 2685 quibus
2222 2641 2289 2678 hoc
2313 2652 2451 2688 quoque
2475 2644 2591 2689 coepit

188 2697 333 2739 debere,
365 2696 460 2740 quod
489 2697 632 2741 impune
656 2707 728 2732 non
752 2697 865 2732 solvit.
911 2697 968 2732 Ad
991 2697 1053 2732 illa
1076 2697 1194 2741 itaque
1217 2696 1447 2742 cogitationes
1476 2700 1555 2731 tuas
1583 2695 1704 2731 flecte:
1736 2706 1808 2731 nou
1837 2701 1892 2733 est
1919 2697 2008 2732 mihi
2031 2698 2143 2733 relata
2166 2699 2299 2743 gratia:
2332 2700 2415 2743 quid
2439 2700 2564 2735 faciam
2577 2701 2593 2734 ‘e

188 2752 283 2797 quod
306 2753 357 2796 di,
381 2752 442 2796 qui
464 2751 637 2788 beneficia
659 2753 835 2796 ignoranti
858 2753 944 2789 dare
967 2753 1154 2798 incipiunt,
1178 2752 1324 2797 ingratis
1346 2755 1602 2797 perseverant.“

415 2809 496 2855 100)
520 2807 585 2854 Ep.
601 2814 661 2851 48,
679 2814 718 2843 2:
749 2809 849 2852 „Nec
878 2814 996 2855 potest
1024 2809 1207 2855 quisquam
1237 2809 1365 2845 beate
1394 2808 1567 2854 degere,
1590 2807 1651 2853 qui
1675 2818 1713 2845 se
1737 2812 1874 2845 tantum
1898 2810 2068 2854 intuetur,
2093 2810 2153 2855 qui
2181 2811 2327 2846 omnia
2356 2811 2401 2847 ad
2425 2811 2593 2848 utilitates

190 2876 290 2901 suas
315 2865 505 2901 convertit:
542 2864 676 2900 alteri
699 2866 818 2901 vivas
841 2871 1033 2913 oportet,
1058 2866 1096 2902 si
1119 2866 1182 2902 vis
1205 2866 1288 2901 tibi
1312 2867 1501 2902 vivere.·‘

417 2923 500 2968 101)
523 2921 580 2956 De
603 2921 656 2956 ira
674 2921 727 2964 II,
751 2927 811 2963 32,
838 2929 867 2956 1.

415 2978 498 3022 102)
522 2976 579 3012 De
603 2977 675 3012 otio
702 2983 737 3020 1,
762 2984 792 3014 4.

415 3034 497 3079 103)
521 3032 563 3068 In
586 3031 653 3068 hac
674 3033 783 3078 igitur
805 3044 844 3069 re
868 3034 1004 3070 Seneca
1027 3044 1098 3069 non
1120 3038 1262 3070 secutus
1291 3038 1345 3069 est
1375 3033 1620 3069 Stoicorum
1650 3032 1860 3076 doctrinam,
1895 3034 1956 3079 qui
1985 3034 2035 3069 sic
2064 3039 2279 3076 statuerunt,
2318 3034 2490 3069 nefarium
2513 3044 2591 3069 esse

188 3090 346 3125 facinora
366 3091 570 3134 ignoscere3
593 3090 630 3124 in
653 3089 794 3124 homine
818 3091 994 3125 constanti
1016 3095 1053 3124 et
1074 3091 1233 3134 sapiente
1255 3090 1459 3134 ignoscendi
1475 3100 1547 3125 non
1562 3100 1641 3126 esse
1657 3091 1791 3134 locum3
1815 3091 1984 3126 iustitiam
2000 3101 2065 3135 per
2082 3101 2120 3126 se
2136 3100 2214 3126 esse
2229 3089 2476 3134 expetendam,
2501 3101 2591 3135 quae

189 3143 360 3180 scelerum
385 3148 421 3180 et
443 3144 735 3190 improbationem
757 3148 794 3181 et
816 3144 1033 3190 punitionem
1057 3145 1270 3190 requireret3
1294 3156 1325 3182 v.
1348 3144 1458 3181 Meier
1479 3145 1501 3181 l.
1524 3145 1547 3182 l.
1569 3155 1603 3191 p.
1620 3150 1674 3182 91.

419 3202 501 3246 104)
524 3201 582 3237 De
605 3201 660 3237 ira
682 3201 714 3245 1,
742 3208 798 3244 14,
823 3207 854 3236 3.

418 3259 500 3302 105)
524 3257 588 3303 Ep.
613 3263 671 3299 52,
696 3264 726 3293 2.
