3085 3679
1468 219 1601 277 17-

288 355 541 401 munera.“
565 351 661 409 ¹²⁸)
724 352 867 407 „Nihil
890 353 1006 408 agis,
1036 354 1108 409 qui
1132 358 1175 398 te
1199 364 1333 409 negas
1362 353 1455 397 deo
1485 351 1662 407 debere,
1698 351 1776 395 sed
1809 355 2054 394 naturae:
2089 349 2191 405 quia
2220 362 2298 392 nec
2321 355 2477 393 natura
2499 349 2593 392 sine
2617 348 2699 391 deo

290 433 375 484 est,
398 441 478 472 nec
501 427 609 472 deus
633 427 727 471 sine
751 430 924 481 natura,
949 426 1026 470 sed
1055 426 1189 470 idem
1215 430 1280 470 est
1310 430 1597 480 utrumque.
1621 447 1674 453 —
1699 423 1764 479 Si,
1787 424 1900 479 quod
1922 436 1949 465 a
1971 423 2173 466 Seneca
2197 422 2448 476 accepisses,
2472 422 2699 476 Annaeo,

288 504 331 544 te
355 498 512 544 debere
536 498 702 544 diceres
724 498 794 543 vel
819 498 996 553 Lucio,
1028 511 1113 543 non
1136 497 1390 543 creditorem
1413 501 1621 551 mutares,
1656 496 1734 540 sed
1756 508 1928 551 nomen,
1952 495 2173 551 quoniam,
2203 494 2294 535 sive
2317 506 2576 548 praenomen
2601 494 2695 536 eius

289 572 381 616 sive
411 585 565 616 nomen
596 571 781 615 dixisses
824 571 920 614 sive
952 584 1204 626 cognomen,
1241 570 1354 613 idem
1388 573 1533 613 tamen
1569 569 1643 612 ille
1679 574 1815 613 esset:
1851 570 1913 612 sic
1947 581 2059 611 nunc
2097 572 2331 610 naturam
2367 579 2492 619 voca,
2528 567 2695 608 fatum

289 644 573 689 fortunam:
605 644 774 688 omnia
806 644 1037 688 eiusdem
1069 644 1152 687 dei
1182 642 1391 686 nomina
1419 647 1537 685 sunt
1566 643 1712 685 varie
1744 642 1945 685 utentis
1976 655 2066 684 sua
2096 644 2379 696 potestate.
2437 639 2491 680 Et
2522 639 2699 693 iustitia,

288 717 499 773 probitas,
540 716 789 772 prudentia,
832 716 1047 770 fortitudo,
1085 715 1312 769 frugalitas
1346 715 1473 757 unius
1507 715 1640 756 animi
1676 714 1788 756 bona
1825 719 1944 756 sunt:
1985 714 2191 767 quidquid
2227 713 2378 754 horum
2414 710 2492 751 tibi
2528 712 2700 764 placuit,

287 790 456 830 animus
480 789 661 844 placet-“
684 786 780 840 ¹²⁹)

516 861 678 904 Unum
712 861 879 914 igitur
910 873 1025 901 esse
1055 859 1202 902 deum
1234 859 1401 902 credit
1433 860 1646 914 Seneca,
1682 872 1807 913 quem
1832 863 1920 900 tum
1945 870 2111 911 quoque
2135 857 2364 910 intellegit,
2400 869 2495 897 cum
2527 856 2700 910 plures

290 933 394 976 deos
419 937 720 975 commemorat
740 930 849 986 ¹⁸⁰),
883 931 928 973 id
959 931 1071 985 quod
1095 932 1280 974 maxime
1304 946 1356 975 ex
1380 932 1566 986 epistula
1594 934 1685 986 107,
1713 935 1776 973 16.
1811 935 2007 984 apparet,
2044 929 2115 972 ubi
2151 930 2194 972 in
2231 929 2385 972 eadem
2416 927 2702 982 paragrapho,

291 1020 385 1049 cum
410 1019 568 1050 numen
593 1003 823 1059 significat,
849 1009 891 1047 et
915 1004 1123 1058 singulari
1149 1010 1191 1047 et
1213 1004 1371 1060 plurali
1394 1017 1571 1047 numero
1595 1004 1739 1046 utitur.

511 1079 561 1120 In
591 1078 790 1131 plurali
814 1077 944 1131 igitur
968 1090 1144 1120 numero
1168 1078 1346 1120 deorum
1370 1092 1455 1120 non
1479 1083 1545 1120 est
1568 1077 1681 1131 quod
1704 1076 1991 1130 offendamus,
2016 1076 2061 1117 in
2084 1075 2183 1117 aliis
2207 1075 2334 1117 rebus
2358 1089 2443 1117 non
2471 1086 2700 1128 possumus

290 1165 375 1193 non
398 1151 627 1193 offendere.
685 1149 778 1200 Quo
803 1151 846 1191 in
871 1163 1029 1203 genere
1053 1155 1137 1203 est,
1160 1150 1273 1203 quod
1298 1150 1463 1192 Seneca
1487 1150 1541 1192 de
1566 1150 1672 1191 fato
1696 1154 1857 1191 narrat.
1915 1147 2040 1199 Quod
2075 1147 2111 1189 si
2148 1147 2243 1200 quis
2278 1146 2571 1201 potentiam
2603 1145 2698 1188 deo

292 1223 612 1277 superiorem
644 1221 886 1274 intellegat,
910 1221 1045 1275 possit
1068 1220 1126 1262 ad
1150 1233 1271 1263 suam
1298 1221 1554 1264 sententiam
1578 1221 1892 1263 defendendam
1917 1219 2024 1262 haec
2055 1219 2147 1261 eius
2177 1218 2308 1261 verba
2338 1218 2518 1261 afferre:
2559 1217 2698 1269 „Inre-

291 1293 499 1337 vocabilis
523 1293 712 1337 humana
742 1293 905 1348 pariter
940 1305 991 1336 ac
1023 1292 1172 1335 divina
1195 1306 1343 1336 cursus
1366 1293 1519 1337 vehit.“
1543 1295 1586 1320 1³
1600 1291 1638 1347 ¹)
1697 1293 1763 1336 Ne
1787 1298 1934 1335 tamen
1958 1292 2003 1334 in
2028 1304 2137 1344 eam,
2161 1304 2289 1346 quam
2313 1290 2414 1344 dixi,
2439 1289 2697 1333 sententiam
2739 1328 2742 1332 ,

291 1365 424 1409 verba
447 1367 524 1409 illa
548 1367 825 1421 accipiamus,
860 1365 960 1408 aliis
995 1365 1100 1408 locis
1135 1365 1403 1419 impedimur.
1466 1366 1569 1418 „Ille
1601 1366 1712 1420 ipse,
1747 1366 1884 1419 inquit
1909 1364 2074 1408 Seneca
2095 1362 2202 1417 ¹3²),
2227 1363 2413 1405 omnium
2439 1362 2630 1405 conditor
2654 1367 2697 1404 et

295 1443 432 1481 rector
467 1438 679 1494 scripsit
715 1437 888 1492 quidem
912 1437 1022 1491 fata,
1054 1436 1129 1479 sed
1154 1436 1400 1490 sequitur.
1458 1437 1636 1493 Semper
1659 1442 1801 1492 paret,
1838 1438 1971 1479 semel
1995 1437 2155 1478 iussit.“
2218 1435 2337 1477 Idem
2360 1435 2447 1476 alio
2470 1435 2562 1476 loco
2581 1433 2698 1486 ¹⁸³):

299 1510 505 1562 „Etiamsi
531 1511 723 1565 Iuppiter
748 1510 825 1551 illa
849 1523 934 1551 non
958 1509 1061 1551 facit
1091 1523 1222 1563 nunc,
1256 1511 1418 1565 Iupiter
1452 1510 1594 1564 feeit,
1632 1515 1686 1552 ut
1721 1510 1936 1552 fierent.
1994 1508 2187 1561 Singulis
2211 1521 2296 1549 non
2319 1507 2456 1560 adest,
2491 1511 2533 1548 et
2557 1512 2699 1548 tamen

292 1583 379 1624 vim
404 1587 446 1624 et
470 1596 645 1624 causam
671 1575 715 1625 et
736 1594 912 1623 manum
937 1580 1133 1623 omnibus
1156 1581 1311 1624 dedit.“
1374 1583 1452 1624 His
1482 1583 1612 1636 igitur
1648 1581 1754 1624 locis
1785 1586 1967 1636 apparet
2004 1581 2213 1623 Senecam
2247 1579 2383 1621 fatum
2420 1592 2519 1621 non
2554 1577 2615 1620 ab
2625 1592 2698 1620 so-

293 1655 455 1696 lutum
474 1653 569 1708 134)
594 1654 777 1707 deique
801 1653 1091 1707 potentiam
1116 1654 1374 1696 excedens
1398 1655 1669 1707 intellegere,
1701 1654 1778 1696 sed
1803 1653 2036 1696 ordinem
2060 1667 2232 1695 rerum
2257 1666 2285 1694 a
2309 1653 2400 1694 deo
2426 1651 2699 1704 sapienter

293 1728 635 1769 constitutum
673 1741 707 1768 s.
747 1725 830 1768 dei
866 1726 1190 1768 voluntatem
1226 1724 1725 1779 immutabilem¹3⁵).
1790 1725 1877 1769 Sed
1908 1725 1945 1769 si
1976 1739 2004 1768 a
2036 1724 2118 1768 deo
2147 1725 2280 1768 semel
2311 1723 2584 1767 constitutum
2621 1726 2698 1776 est,

293 1800 494 1854 quicquid
517 1805 583 1843 est
606 1801 813 1854 futurum,
836 1812 979 1841 nonne
1004 1798 1167 1841 tollitur
1189 1798 1416 1842 libertas
1450 1798 1691 1854 humana,
1722 1813 1808 1854 qua
1829 1798 2074 1842 hominibus
2099 1801 2247 1853 erepta
2272 1797 2398 1840 simul
2422 1795 2557 1839 omnis
2581 1806 2697 1850 pec-

293 1873 448 1915 candi
474 1873 625 1926 culpa
650 1871 848 1914 t-ollitur‘t>
885 1871 936 1913 Id
954 1884 1009 1913 ne
1026 1870 1233 1914 Senecam
1257 1872 1429 1925 quidem
1454 1872 1675 1926 effugisse,
1697 1871 1790 1914 iure
1808 1871 2005 1915 videmur
2028 1886 2080 1914 ex
2104 1871 2171 1914 his
2195 1870 2338 1914 verbis
2357 1867 2452 1921 ¹²³⁶)
2476 1867 2697 1920 colligere:

522 2045 604 2086 128)
627 2042 717 2078 Ibid.
740 2044 769 2086 ς.
794 2048 824 2076 2.

523 2099 604 2141 120)
628 2097 719 2132 Ibid.
743 2096 807 2139 IV,
833 2101 870 2137 8,
896 2103 913 2131 2
929 2107 977 2140 sq.

522 2155 603 2197 130)
627 2153 681 2188 Ea
704 2153 740 2187 in
764 2162 802 2188 re
827 2156 968 2188 secutus
992 2156 1047 2187 est
1070 2152 1222 2194 Stoicos,
1248 2152 1308 2196 (1111
1332 2163 1542 2197 quamquam
1566 2164 1674 2188 unum
1698 2153 1802 2188 deum
1826 2162 1904 2189 esse
1928 2153 2138 2196 credebant,
2168 2158 2285 2189 tamen
2309 2163 2428 2198 saepe,
2460 2163 2505 2189 ne
2529 2154 2567 2188 in
2589 2153 2698 2189 mul-

292 2208 504 2244 titudinis
541 2208 833 2244 offensionem
870 2208 1080 2249 inciderent,
1121 2209 1385 2253 vulgaribus
1423 2210 1708 2254 opinionibus
1742 2209 1851 2244 verba
1885 2218 1949 2244 sua
1984 2209 2285 2245 accommodantes
2320 2210 2508 2254 plurium
2552 2210 2701 2245 deorum

297 2265 512 2300 mentionem
535 2264 721 2300 faciebant.
745 2285 788 2291 —-
812 2264 927 2300 Aliter
948 2264 1094 2309 pluralis
1118 2276 1286 2302 numerus
1310 2265 1353 2301 di
1376 2265 1601 2310 accipiendus
1625 2270 1679 2302 est
1702 2275 1745 2301 eo
1768 2265 1861 2308 loco,
1889 2265 1949 2310 qui
1972 2265 2102 2310 legitur
2124 2266 2160 2301 in
2184 2266 2334 2310 epistula
2358 2273 2432 2309 110,
2459 2273 2496 2301 1:
2533 2265 2701 2311 „Sepone

293 2322 329 2356 in
352 2322 569 2366 praesentia,
605 2331 696 2365 quae
727 2321 940 2365 quibusdam
971 2321 1129 2365 placent,
1164 2322 1353 2366 unicuique
1382 2326 1541 2358 nostrum
1565 2322 1808 2367 paedagogum
1838 2322 1915 2358 dari
1944 2322 2065 2364 deum,
2102 2332 2171 2358 non
2194 2322 2334 2365 quidem
2364 2322 2599 2365 ordinarium,
2638 2321 2702 2357 sed

293 2377 387 2412 hunc
410 2376 585 2412 inferioris
608 2380 713 2412 notae
736 2387 781 2411 ex
805 2387 927 2412 eorum
951 2386 1113 2418 numero,
1148 2387 1237 2421 quos
1259 2377 1406 2413 Ovidius
1430 2377 1495 2419 ait,
1529 2377 1594 2420 „de
1617 2377 1725 2422 plebe
1749 2377 1872 2413 deos“:
1910 2378 1959 2412 ita
1982 2382 2098 2412 tamen
2122 2377 2189 2412 11οο
2212 2387 2361 2422 seponas
2384 2379 2481 2421 volo,
2515 2382 2557 2413 ut
2579 2379 2702 2413 memi-

340 2433 389 2467 ris
420 2432 572 2467 maiores
602 2436 757 2473 nostros,
786 2432 847 2476 qui
876 2432 1118 2474 crediderunt,
1148 2432 1284 2468 Stoicos
1307 2433 1433 2469 fuisse:
1468 2433 1615 2477 singulis
1644 2433 1737 2468 enim
1760 2437 1795 2468 et
1819 2432 1970 2468 Genium
1994 2438 2029 2468 et
2051 2433 2219 2468 Iunonem
2248 2433 2453 2470 dederunt.“
2485 2454 2530 2460 -
2565 2433 2703 2477 „Stoici

207 2442 424 2562 ὡς
447 2490 487 2523 ut
511 2486 560 2523 ait
583 2486 694 2523 Meier
717 2487 738 2523 1.
761 2487 783 2522 l.
807 2498 840 2533 p.
861 2493 924 2523 127
946 2498 1013 2533 sq.‚
1043 2493 1108 2532 „ut
1132 2489 1198 2524 sibi
1230 2492 1266 2524 et
1295 2489 1475 2536 systemati
1498 2498 1563 2524 suo
1587 2493 1787 2524 constantes
1810 2493 1926 2523 tamen
1951 2489 1994 2523 de
2018 2489 2072 2523 dis
2096 2489 2213 2532 aliquo
2236 2489 2321 2534 (etsi
2343 2498 2416 2524 non
2438 2491 2570 2535 plebis)
2594 2499 2701 2526 0011011

206 2574 209 2581 ,,
294 2544 391 2586 10(1111
415 2549 575 2587 possent,
606 2544 983 2588 daemono'logiam
1010 2555 1036 2580 0.
1061 2545 1309 2579 doctrinam
1339 2546 1388 2580 de
1418 2546 1484 2580 dis
1514 2546 1779 2589 minoribus,
1809 2546 1855 2579 ad
1877 2555 1965 2589 quos
1988 2545 2104 2588 plebis
2127 2544 2163 2577 di
2188 2545 2422 2588 referrentur,
2446 2557 2528 2580 cum
2551 2546 2699 2580 Platone

213 2591 234 2622 Ὗ
294 2599 498 2633 statuebant
519 2605 556 2633 et
577 2600 644 2634 hoc
673 2601 778 2634 modo
808 2600 1059 2646 mythologiam
1090 2603 1213 2644 (sensu
1241 2602 1385 2645 proprio
1418 2611 1563 2645 prorsus
1591 2602 1731 2644 quidem
1754 2600 1988 2645 repudiatam,
2021 2613 2050 2635 v.
2075 2599 2144 2635 Cic.
2169 2599 2214 2635 de
2238 2604 2308 2635 nat.
2332 2600 2430 2638 deor.
2456 2600 2503 2643 11,
2529 2602 2591 2646 24)
2616 2600 2700 2636 alle-

226 2654 229 2663 '
294 2654 412 2699 gorice
436 2653 695 2699 explicabant.“

519 2711 602 2756 131)
625 2711 679 2746 De
702 2721 800 2757 prov.
825 2718 861 2755 5,
888 2719 918 2748 8.

519 2769 601 2811 132)
624 2767 713 2802 Ibid.

520 2824 602 2867 133)
624 2822 705 2857 Nat.
728 2827 861 2866 quaest.
886 2823 937 2865 11,
962 2830 1016 2858 46.

520 2880 601 2922 134)
623 2878 752 2913 Fatum
775 2878 841 2912 deo
865 2880 1028 2923 superius
1058 2890 1135 2915 esse
1165 2890 1211 2914 ex
1241 2881 1311 2915 alio
1341 2880 1419 2915 loco
1449 2882 1536 2924 (nat.
1567 2883 1700 2923 quaest.
1723 2879 1776 2920 11,
1802 2880 1861 2924 36)
1885 2878 1996 2914 Meier
2018 2879 2058 2924 (1.
2083 2880 2105 2915 l.
2128 2891 2162 2924 p.
2191 2882 2274 2925 130)
2297 2879 2522 2916 efficiendum
2544 2879 2699 2924 putavit:

292 2934 407 2980 „Quid
431 2935 525 2971 enim
548 2933 714 2980 intelligis
736 2934 873 2971 fatum?
908 2934 1079 2972 Existimo
1104 2936 1347 2973 necessitatem
1370 2946 1489 2973 rerum
1511 2934 1664 2971 omnium
1681 2934 1943 2981 actionumque,
1969 2945 2075 2981 quam
2099 2936 2199 2973 nulla
2221 2936 2274 2973 vis
2297 2940 2468 2982 rumpat“
2508 2935 2579 2972 Sed
2601 2935 2701 2972 falso.

292 2990 496 3036 Sequuntur
517 2990 611 3026 enim
640 2989 729 3026 haec
757 2990 885 3027 verba:
922 2991 1126 3037 „Sapientis
1161 3002 1300 3037 quoque
1335 2992 1400 3028 viri
1436 2991 1644 3027 sententiam
1677 2991 1814 3035 negatis
1848 3001 1954 3036 posse
1988 2993 2136 3028 mutari:
2174 2997 2306 3037 quanto
2341 2993 2455 3037 magis
2490 2993 2577 3027 dei?
2612 2993 2699 3026 Cum

295 3046 453 3090 sapiens,
477 3046 563 3089 quid
586 3046 633 3080 sit
655 3047 826 3090 optimum
849 3047 887 3081 in
909 3049 1123 3091 praesentia,
1147 3049 1249 3090 sciat,
1272 3049 1367 3083 illius
1390 3047 1562 3082 divinitati
1584 3056 1688 3080 omne
1710 3057 1879 3090 praesens
1903 3049 1978 3082 siv*

523 3108 605 3150 135)
626 3106 679 3142 Of.
703 3106 747 3141 de
770 3106 884 3143 benef.
909 3107 972 3150 VI,
998 3114 1051 3150 23,
1078 3115 1115 3143 1:
1153 3109 1284 3151 „Adice
1307 3119 1415 3151 nunc,
1445 3107 1558 3151 quod
1581 3116 1665 3141 non
1688 3111 1875 3144 externa
1904 3113 2068 3154 cogunt
2091 3110 2192 3151 deos,
2217 3109 2280 3144 sed
2303 3118 2379 3144 sua
2400 3107 2468 3142 11110
2492 3108 2536 3141 111
2560 3107 2697 3151 legem

293 3164 475 3196 aeterna
496 3162 699 3198 voluntas
723 3166 785 3198 est.
833 3162 1055 3207 Statuerunt,
1086 3173 1176 3209 quae
1200 3174 1271 3199 non
1294 3167 1487 3199 mutarent:
1517 3162 1636 3206 itaque
1659 3172 1730 3198 non
1752 3168 1902 3208 possunt
1923 3164 2036 3200 videri
2058 3164 2186 3201 facturi
2209 3163 2358 3208 aliquid,
2387 3161 2544 3207 quamvis
2575 3161 2697 3203 nolint,

293 3216 390 3260 quia,
415 3217 582 3261 quicquid
604 3218 764 3253 desinere
788 3229 859 3253 non
882 3224 1045 3263 possunt,
1069 3230 1295 3264 perseverare
1318 3220 1518 3261 voluerunt,
1543 3229 1609 3254 nec
1631 3229 1786 3263 unquam
1809 3221 1914 3264 primi
1937 3221 2074 3256 consilii
2096 3221 2182 3255 deos
2206 3220 2392 3264 paenitet.“

522 3274 605 3317 136)
628 3273 708 3308 Nat.
731 3278 864 3318 quaest.
887 3274 938 3316 ΙΙ,
964 3281 1024 3317 38,
1049 3282 1078 3310 3.

2385 3334 2409 3372 3
