3085 3679
1439 217 1464 256 3

219 381 227 386 -
252 368 426 403 manum
447 350 605 395 afferre
627 349 858 393 coustituit.
903 348 991 393 Sed
1014 353 1061 395 ut
1083 355 1219 393 morte
1240 350 1613 406 appropinquante
1635 348 1810 411 tandem
1833 349 2066 404 aliquando
2087 350 2202 392 seria
2225 350 2413 405 cogitare
2435 351 2655 406 vitamque

250 431 468 483 peractam
492 436 637 465 secum
662 426 863 477 reputare
899 422 1123 477 inciperet,
1158 426 1324 465 tantum
1359 422 1486 477 afuit,
1519 427 1568 465 ut
1599 435 1655 464 ne
1691 426 1781 464 tum
1815 421 1989 475 quidem
2021 422 2156 465 animi
2178 423 2435 477 pravitatem
2467 429 2656 478 exueret,

251 499 349 552 sed,
369 496 472 538 dum
494 508 631 537 venas
653 493 736 537 sibi
759 494 890 537 incidi
913 493 1047 548 iubet,
1070 494 1233 536 amicos
1256 494 1448 537 carmina
1469 494 1587 537 levia
1609 494 1840 536 recitantes
1862 494 2042 536 audiret.
2055 492 2096 547 ⁶)
2189 500 2193 504 '

475 566 745 623 Quamquam
769 567 807 610 si
830 567 926 622 quis
948 568 1153 623 aequales
1176 580 1334 622 eorum,
1357 580 1463 623 quos
1485 566 1824 622 commemoravi,
1845 567 2034 610 virorum
2058 580 2233 610 omnes
2255 568 2326 610 vel
2346 568 2567 611 Lucretios
2585 570 2655 612 vei

249 641 414 686 Plinios
437 640 508 683 vel
531 640 756 683 Petronios
779 640 913 683 fuisse
936 645 1073 695 putet,
1103 653 1186 684 nae
1209 640 1284 684 ille
1307 640 1351 683 in
1375 653 1540 683 summo
1564 653 1707 683 errore
1730 644 1946 683 versetur:
1981 654 2083 683 nam
2107 640 2279 683 fuerunt
2306 640 2547 695 etiamtum,
2583 641 2656 695 qui

251 713 461 757 maiorum
487 711 744 755 auctoritate
766 711 883 755 haud
905 712 1178 756 mediocriter
1194 712 1376 767 permoti
1401 724 1495 767 eas,
1528 725 1636 766 quas
1672 710 1728 755 ab
1764 711 1832 754 his
1865 717 2137 767 acceperant,
2171 712 2227 756 de
2250 712 2319 756 dis
2343 712 2657 756 immortalibus

249 785 473 842 opiniones
490 784 656 829 fortiter
671 785 964 829 defenderent.
1005 785 1144 829 Maior
1167 790 1312 830 autem
1328 798 1432 840 pars
1455 785 1874 829 eruditorumeas
1896 788 2101 840 tanquam
2124 785 2264 829 aniles
2281 784 2467 830 fabellas
2480 797 2656 841 prorsus

250 857 491 912 spernebat,
507 852 645 912 neque
663 863 820 912 tamen,
838 859 921 913 ipsi
936 859 1039 912 quid
1055 859 1274 913 sentirent,
1293 863 1442 912 aperte
1461 858 1605 901 dicere
1623 857 1853 911 audebant,
1871 858 2047 901 deorum
2064 859 2299 913 patriorum
2318 859 2479 901 cultum
2496 858 2656 901 idcirco

249 929 507 974 servandum
531 945 628 973 esse
652 931 756 984 rati,
791 936 837 973 ut
866 916 1025 984 vulgus
1048 931 1276 974 formidine
1300 931 1487 984 quadam
1511 935 1740 983 regeretur.
1799 929 1871 973 Sic
1894 931 2008 974 enim
2030 931 2292 984 statuebant,
2316 945 2484 974 omnem
2509 931 2564 973 de
2587 930 2656 973 dis

249 1002 561 1047 immortalibus
583 1003 827 1059 opinionem
851 1002 992 1047 fictam
1017 1018 1113 1047 esse
1143 1002 1199 1046 ab
1229 1003 1472 1047 hominibus
1506 1002 1774 1059 sapientibus
1810 1004 1871 1048 rei
1907 1003 2105 1059 publicae
2130 1018 2280 1060 eausa,
2317 1010 2380 1058 ut,
2415 1018 2522 1059 quos
2546 1004 2655 1047 ratio

248 1090 333 1120 non
356 1081 518 1130 posset,
543 1090 619 1119 eos
641 1076 699 1119 ad
722 1075 907 1120 officium
930 1077 1105 1120 duceret
1128 1077 1290 1130 religio.
1337 1077 1487 1130 Itaque
1509 1076 1580 1122 dis
1602 1077 1757 1130 cultus,
1781 1077 1980 1131 honores,
1994 1085 2155 1132 'preces
2178 1076 2383 1120 adhibere
2407 1075 2654 1131 pergebant,

249 1148 326 1191 sed
349 1148 394 1191 in
420 1148 562 1203 specie
585 1146 709 1191 fictae
733 1147 1020 1193 simulationis
1043 1162 1154 1203 quae
1179 1149 1322 1192 inesse
1351 1148 1490 1203 potuit
1521 1150 1679 1204 pietas,
1716 1164 1827 1204 quae
1861 1165 2025 1193 morum
2061 1149 2302 1192 sanctitas?>
2350 1149 2526 1192 Fuerint
2550 1162 2655 1191 sane

250 1222 363 1264 inter
398 1236 490 1275 eos,
525 1220 597 1275 qui
632 1220 859 1275 aliquam
897 1221 968 1264 dei
1005 1221 1249 1277 opinionem
1279 1221 1530 1276 retinerent,
1562 1221 1638 1264 sed
1673 1222 1767 1265 eius
1802 1222 1892 1277 dei,
1928 1224 2001 1277 qui
2035 1223 2248 1265 humanas
2270 1237 2340 1265 res
2362 1236 2448 1265 non
2473 1225 2656 1264 curaret.

249 1294 370 1337 Talis
393 1294 595 1337 videlicet
618 1293 763 1349 opinio
786 1294 844 1337 ad
868 1294 1036 1338 animos
1060 1294 1352 1338 emendandos
1375 1294 1538 1337 nullam
1560 1295 1747 1349 profecto
1770 1295 1857 1338 vim
1881 1295 2039 1339 habere
2062 1296 2210 1351 potuit.

472 1366 635 1419 Quodsi
658 1366 878 1410 nobiscum
903 1368 1261 1422 reputaverimus,
1291 1367 1439 1420 generi
1470 1366 1656 1410 humano
1687 1368 1880 1411 innatum
1917 1381 2012 1411 esse
2046 1367 2308 1410 desiderium
2331 1366 2537 1420 habendi,
2572 1379 2655 1421 quo

247 1444 449 1494 tanquam
473 1438 737 1483 firmamento
761 1440 894 1483 animi
931 1440 1010 1482 niti
1045 1440 1200 1495 possit,
1235 1453 1320 1483 non
1354 1439 1622 1493 mirabimur,
1658 1452 1823 1495 eorum,
1858 1441 1931 1494 qui
1968 1453 2063 1484 esse
2098 1439 2204 1482 deos
2227 1440 2456 1495 populares
2480 1440 2653 1484 credere

246 1512 478 1566 desierunt,
502 1512 708 1566 optimum
733 1525 952 1566 quemque,
976 1515 1022 1553 ut
1046 1512 1178 1554 animi
1204 1512 1556 1566 tranquillitatem
1580 1517 1766 1566 pararet,
1789 1512 1847 1555 ad
1871 1512 2146 1568 philosophos
2169 1504 2427 1567 confugisse,
2451 1526 2478 1555 a
2501 1512 2655 1567 quibus

247 1595 394 1627 verum
431 1571 643 1637 repertum
682 1596 777 1627 esse
813 1584 892 1627 sibi
929 1585 1226 1638 persuasisset.
1302 1585 1437 1627 Erant
1473 1583 1620 1638 etiam,
1657 1585 1728 1638 qui
1765 1597 1792 1627 a
1827 1584 2064 1639 peregrinis
2098 1584 2166 1628 dis
2201 1585 2383 1628 salutem
2424 1584 2653 1645 petendam

246 1661 486 1707 censerent,
511 1668 690 1708 quorum
714 1657 891 1699 deorum
916 1657 1073 1709 cultus,
1098 1670 1375 1710 quamquam,
1400 1670 1454 1699 ne
1479 1657 1614 1710 fieret,
1638 1657 1806 1709 legibus
1831 1662 2003 1699 cautum
2028 1662 2135 1711 erat,
2158 1662 2303 1699 tamen
2327 1659 2489 1700 Romae
2513 1658 2650 1712 primo

245 1741 285 1784 p.
308 1727 404 1772 Chr.
429 1742 469 1771 n.
493 1728 664 1771 saeculo
690 1728 817 1772 valde
848 1728 1069 1772 increbuit.
1127 1728 1214 1771 Alii
1244 1728 1428 1785 denique
1464 1742 1588 1773 sacra
1615 1729 1872 1774 Iudaeorum
1909 1729 2099 1773 studiose
2131 1729 2435 1786 observabant,
2471 1743 2649 1786 quorum

247 1800 422 1844 Tiberio
447 1800 720 1855 imperitante
743 1801 800 1844 ad
824 1805 917 1844 octo
941 1801 1061 1844 milia
1085 1802 1246 1845 Romae
1269 1802 1404 1845 fuisse
1428 1806 1675 1857 septemque
1699 1815 1944 1857 synagogas
1967 1802 2169 1845 habuisse
2191 1803 2396 1846 traditum
2420 1808 2497 1846 est.

468 1872 673 1915 Indocti
697 1877 855 1926 autem,
880 1886 975 1915 cum
994 1877 1037 1915 et
1054 1887 1142 1926 eas,
1167 1888 1273 1928 quas
1291 1888 1317 1915 a
1336 1873 1572 1916 maioribus
1595 1873 1649 1915 de
1672 1873 1741 1916 dis
1765 1880 2031 1930 acceperant,
2057 1875 2279 1929 opiniones
2297 1875 2455 1917 animis
2475 1888 2651 1929 prorsus

248 1945 470 1988 exuissent
493 1959 631 1999 neque
655 1959 708 1988 ea
732 1945 893 2000 ingenii
918 1946 961 1988 vi
986 1950 1143 2000 essent,
1167 1950 1212 1987 ut
1234 1944 1581 2001 philosophorum
1604 1946 1764 2000 placita
1787 1952 1930 1990 mente
1954 1947 2313 2001 comprehendere
2337 1952 2523 2003 possent,
2547 1946 2650 2002 quid

244 2018 397 2061 mirum
433 2017 547 2072 quod
582 2018 720 2060 omnis
757 2017 977 2071 religionis
1013 2017 1116 2060 facti
1151 2025 1250 2060 sunt
1284 2024 1497 2073 expertes,
1528 2019 1656 2072 idque
1688 2033 1738 2061 eo
1763 2021 1918 2074 magis,
1947 2020 2076 2074 quod,
2108 2035 2205 2062 cum
2237 2021 2493 2075 spectaculis
2523 2021 2652 2062 inter-

245 2093 407 2143 essent,
432 2087 686 2144 saepissime
710 2102 763 2132 ea
787 2088 841 2132 de
865 2088 933 2132 dis
956 2089 1124 2133 narrari
1154 2088 1406 2145 audiebant,
1441 2103 1553 2144 quae
1588 2089 1646 2133 ad
1679 2091 1976 2135 auctoritatem
2013 2105 2159 2134 eorum
2185 2092 2230 2135 in
2254 2091 2470 2135 hominum
2494 2091 2651 2134 animis

243 2159 519 2203 minuendam
537 2161 606 2203 vel
626 2161 811 2204 maxime
831 2162 1092 2216 pertinerent
1111 2159 1181 2216 ⁷)‘?
1206 2163 1347 2216 Atque
1371 2176 1476 2217 quos
1499 2162 1590 2205 dixi
1609 2162 1826 2206 Romanos
1843 2162 1901 2205 ad
1923 2163 2201 2218 philosophos
2225 2164 2481 2218 confugisse,
2504 2176 2651 2207 eorum

244 2245 326 2286 quo
361 2233 456 2286 quis
494 2238 587 2275 erat
622 2233 819 2287 graviore
856 2234 1041 2288 ingenio,
1076 2248 1127 2277 eo
1164 2237 1304 2289 magis
1335 2234 1550 2278 ferebatur
1574 2235 1632 2278 ad
1656 2236 1893 2279 doctrinam
1919 2236 2176 2290 Stoicorum,
2213 2242 2356 2280 sectae
2392 2238 2511 2280 illius
2546 2237 2566 2279 f
2575 2251 2652 2280 or-

243 2304 482 2348 tissimae
506 2317 564 2348 ac
589 2305 1035 2360 sanctissimae.⁸)
1095 2307 1331 2351 Stoicorum
1355 2311 1498 2351 autem
1523 2307 1614 2351 fere
1636 2309 1835 2363 princeps
1859 2309 1940 2352 fuit
1963 2310 2074 2353 inter
2097 2310 2311 2352 Romanos
2334 2309 2382 2351 L.
2406 2309 2654 2353 Annaeus

243 2374 440 2420 Seneca
457 2375 510 2431 ⁹).
568 2377 612 2420 Is
634 2390 761 2432 quam
786 2379 1042 2422 sententiam
1067 2379 1120 2423 de
1145 2380 1213 2423 dis
1237 2379 1434 2423 habuerit
1465 2393 1547 2434 quo
1570 2380 1710 2434 magis
1733 2381 1918 2435 perspici
1942 2381 2097 2436 possit,
2132 2394 2203 2435 ea,
2240 2394 2350 2435 quae
2373 2381 2519 2425 multis
2543 2381 2649 2425 locis

242 2461 318 2504 per
340 2448 472 2493 libros
498 2449 591 2493 eius
616 2449 812 2506 dispersa
838 2456 955 2507 sunt,
979 2451 1024 2495 in
1048 2467 1179 2496 unum
1203 2453 1326 2508 quasi
1351 2466 1504 2508 corpus
1528 2452 1721 2507 redigere
1746 2451 1851 2496 mihi
1874 2452 2138 2509 propositum
2162 2459 2239 2497 est.

467 2606 502 2649 6)
524 2603 636 2640 Tacit.
661 2605 681 2640 l.
705 2605 726 2640 l.
752 2615 780 2640 c.
808 2611 858 2640 19.

469 2663 507 2703 7)
531 2661 765 2697 Friedh'inder
787 2663 808 2696 l.
834 2662 853 2696 l.
877 2673 910 2706 p.
929 2669 995 2697 424
1007 2674 1057 2707 sq.
1105 2664 1266 2698 Uhlhorn
1291 2665 1312 2699 l.
1336 2665 1357 2699 1.
1382 2676 1415 2710 p.
1433 2670 1475 2699 33
1490 2675 1562 2709 sqq.

467 2717 505 2759 8)
528 2716 609 2751 Sen.
634 2727 687 2760 ep.
711 2723 765 2759 83,
789 2725 821 2752 9.

463 2772 502 2816 9)
525 2772 561 2807 Is
590 2783 668 2808 cum
700 2774 794 2819 apud
823 2774 1043 2810 Sotionem
1068 2774 1316 2821 philosophum
1339 2786 1429 2821 puer
1452 2777 1600 2813 sedisset
1633 2776 1715 2822 (Ep.
1739 2782 1792 2818 49,
1819 2778 1855 2820 2)
1880 2777 1925 2812 ab
1949 2786 2062 2821 eoque
2097 2782 2197 2813 tanto
2221 2777 2498 2824 Pythagorae
2529 2788 2649 2814 amore

241 2824 406 2861 incensus
441 2832 552 2871 esset,
593 2832 634 2863 ut
667 2829 879 2865 animalibus
915 2831 1093 2867 abstinere
1128 2832 1298 2877 inciperet
1331 2837 1368 2867 et
1400 2842 1495 2868 anno
1531 2833 1672 2869 demum
1707 2838 1849 2878 peracto
1886 2837 2013 2878 patre
2051 2838 2235 2879 rogante
2264 2834 2311 2870 ad
2345 2833 2528 2881 pristinam
2563 2843 2646 2870 con·

241 2881 462 2917 suetudinem
485 2883 618 2918 rediret
639 2884 721 2929 (Ep.
748 2891 822 2927 108,
848 2892 898 2920 17.
924 2890 995 2933 22),
1030 2893 1154 2933 postea
1175 2889 1369 2923 Attalum
1393 2888 1587 2923 Stoicum
1623 2888 1667 2923 dc
1703 2888 1930 2935 philosophia
1963 2890 2238 2936 praecipientem
2274 2891 2408 2926 audivit
2444 2891 2549 2936 idque
2577 2895 2648 2925 tam

241 2937 416 2980 studiose,
451 2944 490 2973 ut
524 2941 699 2984 „scholam
735 2942 810 2977 eius
845 2944 1023 2979 obsideret
1051 2950 1087 2979 et
1115 2946 1247 2989 primus
1270 2945 1405 2979 veniret
1427 2949 1464 2979 et
1486 2945 1696 2980 novissimus
1725 2946 1853 2987 exiret,
1885 2946 2127 2981 ambulantem
2157 2958 2296 2991 quoqne
2319 2947 2417 2982 illurn
2441 2947 2486 2982 ad
2509 2947 2644 2990 aliquas

240 2990 496 3037 disputationes
532 3000 724 3033 evocaret.“
769 2998 835 3043 (ib.
862 3001 910 3044 3.)
957 3001 1066 3037 Cuius
1102 3000 1242 3045 quidem
1276 2999 1477 3045 philosophi
1518 3006 1708 3046 praecepta
1749 3007 1920 3046 quantum
1955 3003 2002 3038 ad
2037 3003 2144 3038 vitam
2179 3013 2364 3048 moresque
2398 3003 2551 3038 Senecae
2582 3003 2644 3038 ali-

241 3049 407 3090 quamdiu
430 3055 526 3087 certe
549 3053 738 3096 valuerint,
773 3064 818 3088 ex
840 3054 897 3090 his
917 3057 993 3091 eius
1017 3057 1132 3091 verbis
1155 3060 1321 3101 apparet:
1359 3056 1456 3101 „Ego
1479 3060 1575 3091 certe
1598 3067 1678 3091 cum
1701 3057 1861 3093 Attalum
1884 3058 2044 3093 audirem
2070 3059 2107 3093 in
2130 3059 2229 3101 vitia,
2252 3059 2288 3093 in
2311 3067 2463 3099 errores,
2495 3059 2531 3092 in
2554 3058 2647 3092 mala

240 3102 332 3138 vitae
354 3109 592 3150 perorantem,
629 3118 735 3155 saepe
769 3110 933 3148 misertus
967 3122 1043 3148 sum
1078 3111 1218 3157 generis
1252 3110 1397 3149 humani
1432 3116 1468 3148 et
1499 3111 1622 3149 illum
1657 3112 1887 3150 sublimem
1922 3114 2208 3160 altioremque
2243 3115 2426 3151 humano
2461 3113 2645 3160 fastigio

239 3158 427 3196 credidi.
464 3162 545 3208 Ipse
561 3174 681 3210 regem
697 3176 735 3202 se
752 3177 830 3204 esse
846 3168 1002 3205 dicebat:
1028 3168 1091 3204 sed
1113 3168 1194 3214 plus
1218 3178 1322 3214 quam
1345 3178 1495 3215 regnare
1517 3170 1605 3206 mihi
1626 3170 1828 3212 videbatur,
1851 3172 1908 3208 cui
1931 3172 2053 3208 liceret
2075 3180 2259 3208 censuram
2282 3180 2387 3217 agere
2411 3172 2644 3217 regnantium.

240 3214 341 3251 Cum
377 3228 479 3252 vero
515 3223 817 3259 commendare
859 3230 1162 3271 paupertatem
1202 3231 1412 3272 coeperat
1445 3231 1487 3262 et
1519 3227 1772 3271 ostendere,
1813 3238 1951 3272 quam,
1988 3227 2200 3273 quidquid
2239 3238 2359 3265 usum
2399 3228 2644 3271 excederet,

239 3272 409 3318 pondus
439 3281 555 3310 esset
583 3287 895 3322 supervacuum
926 3286 968 3316 et
996 3292 1126 3325 grave
1156 3282 1334 3325 ferenti,
1364 3292 1492 3326 saepe
1524 3283 1648 3318 exire
1672 3294 1692 3318 e
1717 3284 1869 3319 schola
1891 3286 2077 3329 pauperi
2109 3286 2254 3320 libuit.
2301 3285 2402 3320 Cum
2431 3291 2646 3329 coeperat

2311 3343 2365 3381 1¹1·
